2906 4716
603 267 648 337 83

517 357 740 372 m

104 471 250 539 Cratinus
272 491 319 555 ap
338 472 532 536 Plutarchum
554 473 678 554 (lerini.
691 471 748 554 13)
772 474 916 538 Periclem
938 475 1012 539 dicit
1032 475 1151 541 Odeum

104 595 139 655 in
169 591 270 674 'capite
298 611 421 674 gerere,
455 611 509 655 nec
541 591 667 671 prebere
700 593 827 656 debebat
857 593 1038 657 Letronnius
1072 597 1150 670 (1.1.

108 730 141 791 p.
163 709 242 786 614)
265 711 522 790 Schweighltuseri
545 713 836 793 interpretationem,
862 710 1000 774 Creontis
1022 716 1153 794 sinciput

111 832 281 912 comparari
303 831 410 912 poculo
433 833 568 904 inverso,
591 834 696 910 utpote
717 849 843 892 vacnum
873 837 903 892 et
931 833 996 892 sine
1017 833 1151 913 cerebro,

111 948 143 1012 ln.
167 968 194 1010 e.
215 950 280 1010 sine
301 954 418 1029 mente3
450 950 532 1030 prius
554 949 815 1010 demonstrandum
837 951 906 1028 erit,
928 952 1067 1033 antiquos
1089 953 1154 1014 sin·

110 1067 196 1147 ciput
216 1085 271 1146 pre
293 1069 402 1130 mentis
435 1059 506 1128 sede
533 1066 684 1129 habuisse.
706 1099 749 1110 -
781 1065 892 1128 Verum
914 1070 951 1130 de
973 1068 1066 1132 ierma
1089 1071 1151 1134 dinl

109 1187 137 1246 si
160 1188 367 1263 grammatices
378 1185 571 1265 consulimus,
596 1185 755 1264 dupliciter
778 1186 915 1250 traditur.
959 1185 1034 1248 Nam
1056 1187 1150 1251 schol.
1230 1267 1236 1274 ι

110 1304 149 1366 ad
172 1294 224 1366 Ar,
245 1303 324 1366 Nub.
346 1298 410 1364 280
438 1304 546 1382 docet,
575 1304 754 1386 κεραμεοῦν
779 1321 845 1366 esse
872 1305 966 1388 βαθν
986 1303 1150 1390 ποτήριον,

110 1419 298 1488 danielem
319 1419 423 1497 dirae}
455 1419 535 1504 ὅπερ
558 1420 626 1486 ἄνω
652 1415 817 1506 οὖρύτερον
843 1421 885 1488 ὃν
911 1419 997 1488 aniane
1025 1423 1071 1500 εἰς
1096 1417 1152 1503 δξι)

110 1537 213 1626 λήγει,
235 1539 411 1620 quibuscum
424 1539 551 1602 conlerri
563 1540 868 1620 poteratrlntiphanis
886 1559 990 1603 versus
1012 1543 1049 1604 de
1070 1543 1149 1620 pileo

110 1660 260 1740 psycteris
284 1677 370 1720 nsum
393 1660 540 1738 prebente
563 1677 609 1738 ap.
627 1658 697 1720 Ath.
712 1654 788 1738 503,
810 1658 840 1722 b.
884 1658 993 1722 Contra
1015 1661 1065 1722 alii
1088 1667 1150 1724 tra-

110 1777 204 1853 dunt,
237 1794 297 1836 nen
319 1778 349 1838 iu
372 1783 492 1842 acutum
513 1777 644 1856 desisse,
678 1777 731 1838 sed
765 1777 924 1838 rotundum
947 1776 1040 1838 luisse
1062 1777 1149 1858 inlra,

110 1899 145 1955 ut
166 1892 265 1956 Schol.
287 1895 338 1958 Ar.
362 1893 451 1975 Vesp.
471 1887 553 1958 618:
576 1892 665 1969 δτνος
685 1891 724 1958 δέ
744 1891 830 1959 ἐστιν
850 1890 984 1984 οἲχγεΐόν
1005 1917 1035 1958 π
1055 1893 1149 1979 κορά-

110 2033 206 2093 parer
226 2013 324 2088 niven,
347 2009 416 2079 olor
435 2010 582 2096 πρόχομα
594 2011 657 2092 (Ρ),
678 2012 775 2095 βάσιν
796 2007 852 2078 οὐκ
873 2010 955 2095 ἔχον,
979 2008 1065 2078 attia
1087 2012 1149 2077 κά-

109 2131 220 2193 τωθεν
239 2123 428 2212 ὑπότροχον.
470 2129 511 2191 Et
527 2130 651 2192 tortasse
673 2131 740 2208 plus
762 2149 852 2210 quam
873 2133 1052 2193 coniecturae
1067 2137 1150 2212 sunt,

111 2263 180 2326 qne
202 2247 327 2326 legimus
348 2247 425 2326 apud
448 2247 553 2308 scholi.
578 2243 760 2311 uuonan:
780 2248 952 2333 μηχάνημα
962 2245 1152 2332 ὀστράκινον

110 2361 218 2447 ὥσπερ
239 2375 393 2448 σφαῖραν,
415 2370 445 2426 st
459 2368 630 2450 περιφερὲς
650 2358 692 2440 ὥς
710 2362 843 2448 χύτραν,
865 2385 933 2426 nam
948 2385 996 2445 ap.
1009 2365 1149 2442 Alnxl,

110 2477 187 2556 467,
208 2482 227 2545 l.
257 2487 429 2544 auctorest
452 2482 594 2560 Philetas,
618 2482 776 2561 Cyrenaeos
798 2480 888 2548 δῖνον
909 2483 1074 2562 appellasse
1094 2477 1152 2547 τὸν

110 2597 349 2686 ποδονιπτῆρα,
366 2601 417 2679 qui
435 2619 506 2662 eane
518 2603 547 2662 in
559 2606 679 2690 acutum
691 2571 826 2662 desinere
839 2619 898 2662 non
911 2604 1018 2680 petest.
1049 2598 1151 2678 Quare

112 2722 197 2780 recte
210 2717 343 2790 ‘tortasse
355 2717 486 2780 Panellra
504 2719 614 2792 (liech.
630 2717 652 2796 l,
667 2713 734 2793 15),
756 2719 842 2779 dines
853 2718 1013 2798 appellavit
1024 2717 1150 2782 rotunda

113 2835 164 2896 illa
177 2853 255 2912 nasa,
279 2853 347 2915 quae
360 2837 457 2898 Volcis
480 2839 598 2897 inventa
620 2839 691 2896 sunt
712 2853 749 2895 ex
770 2837 893 2914 antiquo
907 2837 1008 2897 Attico
1030 2853 1151 2914 genere,

112 2953 258 3031 peculiari
280 2954 348 3032 pedi
371 2955 523 3032 imposita3
557 2971 612 3014 nec
640 2951 819 3021 Letrnnnius
847 2953 866 3014 l.
889 2953 908 3016 l.
936 2953 1015 3015 aliud
1047 2957 1150 3014 contra

113 3069 200 3131 allent
221 3073 446 3152 argumentum,
476 3073 532 3132 nisi
555 3071 658 3134 falsam
679 3073 868 3150 opinionem,
896 3071 985 3131 dinen
1008 3089 1075 3131 esse
1096 3087 1151 3150 po·

113 3187 226 3250 culum.
270 3187 551 3252 Gerhardusautem
573 3192 638 3250 sinc
659 3189 720 3252 ulla
742 3206 831 3252 causa
853 3185 980 3272 σκάφην
998 3190 1029 3246 et
1049 3185 1151 3268 ὄλμον

113 3303 173 3366 hoc
194 3322 246 3370 vas
268 3307 426 3386 appellavit
448 3307 539 3386 (liap.
562 3305 646 3370 Vola.
669 3325 697 3368 n.
718 3301 779 3390 293
801 3305 860 3370 Ult
882 3303 919 3368 lt.
942 3322 972 3366 n.
993 3299 1063 3377 ‘dila

519 3507 750 3520 ———-—-t

201 3639 301 3690 fictilia
318 3642 350 3692 ad
368 3641 432 3692 hanc
451 3646 546 3704 partem
562 3641 714 3704 pertinentia
732 3640 855 3703 permulta
873 3639 905 3690 ad
923 3643 1035 3689 nnsnam
1053 3641 1151 3687 eutem

113 3747 293 3804 pervenerant.
327 3741 426 3794 Herum
445 3743 492 3792 tria
511 3742 621 3792 manime
639 3753 732 3804 genera
750 3741 971 3792 commemoranda
989 3743 1056 3792 sunt.

625 3842 646 3892 1.

202 3943 232 3994 ln
250 3943 334 4006 prime
352 3955 444 4005 genera
462 3955 568 4008 eorpus,
591 3942 722 4006 amphoris
739 3941 874 4008 pinguius,
902 3941 1001 3992 anscssa
1019 3940 1152 4002 superiore

115 4049 198 4110 parte,
215 4045 311 4096 collum
328 4045 483 4094 latissimum
498 4044 572 4095 habet
582 4043 746 4106 impositum,
764 4055 832 4093 ansa
844 4043 962 4104 utrinque
979 4041 1044 4092 ltine
1061 4051 1076 4088 a
1093 4051 1154 4090 cer-

114 4156 178 4206 pere
195 4146 226 4196 ad
243 4157 376 4196 summurn
394 4145 656 4206 taernmsnrgentes,
678 4144 857 4206 ¹columnarum
880 4143 983 4204 pariens
1000 4153 1051 4191 aen
1068 4139 1151 4189 dissi-

920 4241 950 4289 5·
