2906 4716
202 470 238 530 ln
264 471 363 534 doliis
384 471 511 548 primurn
535 438 709 546 mqnitudo
730 467 1007 545 animadvertenda,
1030 485 1118 548 mam
1139 473 1170 528 et

112 588 281 668 proverbia
321 588 457 668 quaedam
490 588 718 668 demonstrant,·
743 591 778 647 ut
806 588 857 664 qui
885 601 921 648 er
950 605 1056 666 magna
1085 590 1170 668 copia
1217 637 1230 662 ,

113 713 264 787 sumunt,
308 707 349 768 de
376 705 455 766 dolio
488 705 613 769 haurire
635 705 775 766 dicuntur
802 705 943 778 (Theocr.
974 701 1032 780 10,
1067 701 1108 767 13
1135 703 1171 768 ha

113 827 210 888 πίθω
243 819 378 899 duchele-
404 822 520 908 δῆλον,
559 817 620 904 circi
647 818 683 885 δ’
709 819 770 905 ἔχω
798 817 874 888 cdd'
899 820 973 897 ἅλις
1001 819 1106 900 ὄξος),
1138 828 1170 884 et

113 944 165 1022 qui
190 943 317 1004 nimius
343 943 404 1003 vini
432 945 547 1002 amator
574 945 657 1018 erat,
690 944 793 1018 πίθος
821 941 976 1003 dicebatur
1002 941 1095 1015 (Poll.
1118 941 1171 1022 Vl,
1286 951 1305 1020 ,·

114 1055 194 1140 43),
230 1067 266 1121 et
296 1062 391 1139 magis
405 1061 509 1122 'etiarn
540 1059 666 1137 probant
694 1077 761 1139 qun
790 1059 827 1121 ab
849 1061 980 1138 antiquis
1003 1064 1170 1122 narrantur.

115 1176 233 1240 Notum
258 1183 327 1257 est,
362 1178 524 1256 Diogenem
554 1179 692 1256 cynicum
723 1179 753 1238 in
783 1178 861 1240 dolio
884 1177 1033 1238 habitasse
1056 1181 1169 1240 narrari

117 1299 163 1368 [a.
189 1295 284 1358 Suid.
309 1292 369 1381 ζωῇ
390 1299 496 1362 ntum
524 1301 555 1358 el
581 1295 720 1358 Eualotb.
751 1297 787 1358 ad
815 1295 913 1371 ihm,
934 1287 1033 1378 52623
1075 1296 1170 1358 Athe·

117 1415 242 1476 nienses
268 1420 390 1492 aulem,
412 1433 504 1494 quum
525 1419 652 1492 urgente
675 1414 752 1476 bello
775 1387 992 1494 Peloponnesio
1014 1417 1044 1476 iu
1067 1415 1171 1477 urbem

120 1529 252 1598 conferti
278 1532 439 1594 domiciliis
461 1537 597 1594 carerent
615 1532 814 1612 (Thucydll,
828 1529 895 1613 li),
919 1533 1057 1594 indoliis
1079 1535 1171 1596 etiarn

118 1647 281 1712 habitasse
313 1651 385 1712 dicit
412 1650 627 1730 Aristophanes
655 1651 774 1730 (Equit.
803 1647 869 1712 592
900 1649 937 1716 aiu
967 1649 1171 1734 (pedriacense).

122 1765 259 1858 Tum-in
284 1768 393 1830 tabulis
415 1770 558 1830 traditum
581 1775 647 1830 erat
670 1773 714 1841 (v.
736 1768 872 1848 Apollod.
893 1768 939 1850 ll,
960 1765 1000 1847 5,
1024 1765 1076 1849 1),
1108 1771 1170 1832 Eu·

121 1883 310 1965 matheum,v
326 1905 418 1966 quum
442 1889 470 1948 ei
495 1887 639 1948 llercules
661 1903 768 1966 aprum
788 1886 1017 1965 Erymanthium
1040 1887 1182 1968 allerretr

123 2003 285 2074 timentem
314 2007 343 2065 in
368 2005 448 2065 dolio
477 2021 511 2064 sa
539 2005 696 2068 abdidisse.
755 2005 858 2084 Neque
886 1989 974 2068 aliter
1001 2007 1170 2086 intelligen-

124 2119 208 2201 dum,
232 2124 316 2202 quod
337 2123 445 2201 legitur
467 2124 497 2184 iu
519 2122 554 2184 ll.
577 2145 604 2202 a,
626 2116 692 2184 385
713 2142 790 2202 squ,
812 2124 934 2186 Aloidas
950 2143 1005 2204 per
1028 2126 1170 2188 tredecim

125 2255 248 2302 menses
277 2240 403 2302 Martem
437 2243 568 2303 uinclum
596 2243 728 2302 tenuisse
759 2241 899 2329 Χαλκέῳ
929 2240 965 2307 ἐν
991 2244 1121 2329 κεράμῳ
1151 2245 1170 2305 i.

101 2373 152 2452 ,⁰⁸
176 2359 206 2418 in
238 2359 335 2437 dolio,
371 2364 406 2420 ul
434 2363 516 2422 recle
547 2361 755 2422 animadvertit
783 2359 965 2422 Letronnius
1001 2361 1094 2440 (pr.
1116 2361 1168 2426 Er.

127 2467 213 2536 1833
235 2496 265 2556 p.
286 2471 394 2556 tul),
431 2479 461 2538 in
489 2494 525 2538 eo
553 2483 669 2540 tantum
699 2495 819 2558 errans,
851 2478 930 2556 quod
953 2497 1023 2540 rere
1045 2497 1170 2540 aeneum

127 2590 243 2654 dolium
275 2596 413 2674 putavit,
458 2613 550 2674 quum
583 2597 759 2658 adieclivem
797 2592 935 2678 χάλκεος
967 2597 1170 2658 tantummodo

129 2707 341 2774 firmitudinem
370 2715 498 2792 indicet,
532 2719 566 2775 ut
594 2715 644 2776 ubi
667 2731 764 2793 rupes
776 2713 918 2796 χάλκεον
939 2723 1040 2796 τεῖχος
1061 2715 1171 2778 dicitur

129 2827 205 2904 (Od.
235 2853 264 2893 κ.
291 2825 358 2911 4.),
393 2831 442 2894 ubi
472 2851 524 2893 cor
552 2851 677 2894 aeneum
707 2836 829 2894 vocatur
856 2837 887 2894 et
914 2833 1030 2894 similia.
1081 2833 1169 2908 Quod

129 2951 231 3009 autem
258 2949 346 3028 vulgo
367 2949 491 3012 Homeri
522 2951 611 3011 verba
633 2951 671 3010 de
693 2919 812 3012 carcere
834 2947 978 3012 aedificato
1001 2951 1171 3030 intelligunt
1202 2977 1220 2993 ·

131 3065 238 3136 (eliam
260 3065 368 3130 hitiller
388 3067 535 3130 hrchoeol.
558 3069 581 3141 §
601 3061 655 3147 48,
676 3060 733 3148 3),
768 3070 905 3150 κέραμος
930 3067 1087 3130 aedilicium
1109 3069 1170 3146 sig·

132 3181 253 3246 nihcare
275 3203 332 3246 nun
355 3190 464 3264 potest.
508 3185 642 3248 Debetur
665 3188 721 3248 ista
743 3185 950 3264 interpretatio
972 3186 1171 3262 grammaticis

131 3300 320 3382 quibusdam,
342 3305 393 3381 qui
416 3321 432 3366 a
454 3306 572 3384 poetico
594 3322 684 3366 sensu
707 3303 797 3364 alieni
819 3303 917 3362 omnia
940 3301 977 3362 ed
1000 3303 1170 3364 verisimili-

132 3421 244 3480 tudinis
266 3437 400 3482 normam
422 3423 585 3500 erigerent.
640 3421 704 3484 Hoc
727 3439 797 3482 vero
825 3439 884 3482 non
919 3420 1170 3500 verisimilitudini
1218 3391 1222 3400 4

131 3543 287 3616 repugnat,
310 3540 362 3600 sed
386 3539 540 3618 rnagnihce
561 3547 592 3602 el
614 3539 730 3602 fortiter
752 3539 854 3602 lictum
877 3544 936 3602 est:
976 3540 1021 3602 hc
1043 3556 1081 3600 ne
1102 3540 1170 3618 quia

131 3657 234 3734 putet,
264 3656 328 3717 baec
350 3657 436 3718 verba
460 3662 575 3718 tantuin
598 3676 683 3736 csse,
713 3677 767 3720 nec
790 3661 831 3719 ita
854 3657 1021 3734 intellecta,
1054 3661 1088 3718 ut
1109 3658 1170 3718 sint
1285 3721 1287 3728 .

131 3770 227 3852 dicta,
262 3773 399 3836 deveris
424 3775 510 3836 doliis
533 3777 599 3853 agi,
632 3778 820 3856 apertissime
842 3775 1004 3836 ostendunt
1026 3776 1170 3854 imagines

131 3891 279 3970 antiquo,
313 3892 364 3954 ubi
393 3891 584 3972 Eurystheus
612 3895 796 3972 conspicitur
822 3895 853 3956 in
883 3891 963 3954 dolio
991 3892 1170 3956 delitescens

131 4011 172 4080 (ν.
196 4006 306 4072 bitiller
327 4007 420 4072 hrcb.
448 4011 471 4084 9
492 4006 556 4071 410
584 4015 644 4072 not.
665 4007 714 4084 4).
757 4009 947 4090 Conspicitur
969 4011 1116 4088 Diogenes
1139 4011 1168 4070 in

132 4125 211 4186 dolio
234 4144 301 4188 cum
325 4128 492 4190 Alexandro
517 4127 690 4204 colloquens
719 4130 749 4187 in
778 4126 942 4205 anaglypho
966 4125 1100 4188 Romano
1121 4143 1169 4204 ap.
