2902 4704
504 213 713 321 ''171

231 466 262 532 8)
280 463 346 528 Quo
362 475 412 515 nne
430 473 491 514 rnre
508 465 650 527 portentur,
679 473 767 512 eorum
790 473 859 520 nune
881 461 979 516 ridetur
1003 471 1062 513 esse
1085 473 1148 514 usus
1170 462 1202 514 ud

164 568 266 620 ritorto.
302 568 439 628 Nunquam
459 565 523 628 pedo
541 564 639 614 munito
656 568 723 613 sunt.

233 682 257 720 n.
291 673 335 718 out
352 668 426 730 pium
443 671 513 733 sunt,

234 773 259 825 tr.
291 775 335 820 out
352 747 529 834 promudioru,
555 779 623 831 supe
646 767 714 817 inbro
732 767 869 817 introrsum
887 768 966 834 itero,
990 772 1018 816 ut
1035 780 1138 818 omuorn
1157 781 1203 818 sr-

166 872 269 923 eiudnnt
286 870 389 922 bibendi
409 869 615 936 usum‚v.1’uu.
633 869 679 933 iV,
696 868 745 934 723
764 868 885 931 Gurgiuio
903 868 997 924 Cutius.
1016 868 1102 934 ιω,
1120 883 1147 920 n.
1161 870 1206 921 27.

528 1075 827 1104 w

252 1293 376 1356 Peruuto
398 1296 468 1375 ium,
496 1311 554 1354 non
577 1293 730 1371 ubsniuto‚
758 1292 854 1375 finito,
884 1311 943 1354 uon
965 1293 1002 1356 ud
1025 1297 1114 1360 iiueur
1136 1311 1204 1375 per-

167 1415 258 1474 ducto
279 1411 422 1491 opusculo
444 1412 481 1473 do
499 1387 672 1476 *nominibus
693 1429 831 1472 rusorum
853 1409 1034 1492 Graeomum,
1068 1431 1126 1478 nou
1150 1413 1205 1474 du-

168 1533 307 1609 bitamus,
330 1531 402 1609 quin
425 1530 450 1590 si
472 1531 540 1608 quis
561 1530 641 1592 huno
663 1530 794 1591 iibeitum
810 1529 857 1590 vei
880 1529 996 1610 legerit,
1020 1531 1065 1592 rei
1086 1531 1205 1610 perroi-

167 1651 254 1728 verit,
276 1649 405 1709 libenter
425 1649 465 1708 sit
481 1650 650 1726 quieturus,
672 1647 754 1708 vetut
775 1649 801 1707 si
824 1648 944 1725 tongum
966 1667 1020 1727 per
1041 1649 1152 1710 incuita
1174 1653 1206 1708 et

168 1768 288 1828 horride
306 1768 370 1828 loon
388 1768 445 1827 iter
462 1769 501 1826 sit
519 1765 695 1828 coniectum.
741 1763 829 1843 Quod
851 1783 922 1825 vero
946 1783 1036 1827 noum
1055 1770 1099 1825 esi
1113 1765 1208 1825 moie-

168 1887 293 1946 stiurum
311 1886 443 1946 omnium
456 1885 611 1945 striarum
623 1883 775 1961 solatium,
798 1885 824 1943 si
837 1884 908 1961 quid
920 1885 1017 1962 magni
1029 1887 1060 1944 et
1071 1883 1206 1962 praeoinri

168 2003 330 2082 efficiatur,
354 2004 378 2063 si
402 2003 473 2081 quid
497 2005 564 2063 novi
587 2006 618 2062 et
639 2002 702 2064 veri
725 2003 909 2081 invenietur,
933 2001 962 2062 id
985 2005 1010 2063 si
1034 2003 1101 2080 quis
1124 2021 1206 2080 quu-

133 2187 143 2202 ·
168 2123 254 2182 sierit
277 2139 347 2182 uum
369 2121 426 2182 hoo
449 2121 513 2183 inno
535 2121 624 2195 adsit,
658 2137 715 2180 non
743 2137 815 2180 snus
843 2120 1017 2181 audebimus
1039 2119 1207 2199 offirmare3

169 2244 273 2300 contra
295 2238 447 2300 fatendum
470 2243 530 2319 est,
564 2240 673 2317 saepius
706 2255 824 2300 errores
847 2239 980 2299 detectos
1002 2256 1085 2318 osso,
1119 2257 1208 2317 quum

169 2375 272 2418 verum
295 2360 459 2437 inventum,
483 2359 592 2435 saepius
614 2359 787 2432 extinctum,
811 2356 889 2433 quud
913 2355 985 2417 iniso
1008 2357 1106 2416 iumen
1129 2359 1210 2416 esset

171 2475 327 2548 creditum,
361 2493 450 2554 quum
477 2493 581 2536 novum
615 2477 710 2535 iucem
742 2477 884 2552 apertam.
928 2472 990 2534 Neo
1013 2478 1111 2534 tamen
1135 2473 1208 2534 nihii

171 2593 228 2653 heo
249 2611 283 2653 rs
298 2597 438 2671 putamus
455 2593 604 2656 oiieotum.
646 2593 764 2653 Etenim
787 2607 905 2670 semper
920 2568 1012 2652 'uobis
1034 2609 1209 2671 persuasum

96 2690 99 2698 ’
170 2709 244 2789 tuit,
275 2713 300 2771 si
327 2711 385 2771 hoo
406 2712 537 2772 studium
563 2713 753 2790 antiquorum
775 2713 1033 2772 monumentorum
1055 2710 1102 2772 ved
1125 2709 1210 2771 cotii-

170 2828 333 2908 geudornm
355 2829 401 2889 vei
424 2829 664 2908 explicandorum
693 2848 751 2889 non
781 2829 885 2890 otiosis
917 2828 1088 2890 huminibus
1110 2828 1211 2889 obiec-

171 2951 345 3027 tamentum‚
368 2948 420 3008 sed
442 2947 607 3009 litterarum
622 2948 765 3008 studiosis
787 2945 915 3007 fructum
938 2950 1018 3008 esset
1040 2947 1209 3026 diluturum,

171 3083 287 3126 summa
307 3069 379 3127 ‘curn
401 3070 431 3127 et
451 3068 586 3128 veritatis
603 3066 947 3142 emoreegeudumesso.
993 3063 1096 3145 itaque
1118 3081 1211 3140 quum

172 3187 201 3244 in
223 3185 280 3246 hnc
301 3184 468 3261 questione
491 3184 528 3243 de
550 3182 719 3243 nominibus
732 3183 869 3242 vesorum
886 3185 944 3241 tam
963 3181 1072 3241 multos
1093 3197 1212 3249 errores

115 3277 123 3294 ⁴
171 3304 271 3380 nugari
283 3302 474 3380 vidissemus,
500 3318 561 3361 rem
583 3301 681 3361 denuo
703 3301 890 3377 suscepimus
912 3297 1158 3378 pertractandum,
1182 3298 1211 3360 id

173 3439 264 3482 unum
286 3423 471 3500 speciosiss,
506 3423 540 3480 ut
561 3437 630 3480 veru
663 3424 693 3479 ot
726 3423 807 3479 certa
839 3419 1045 3478 invenirentur
1074 3418 1211 3490 uomiua3

173 3557 261 3618 quum
284 3539 387 3618 mutto,
414 3537 485 3598 nihii
510 3536 620 3598 reterre
642 3537 785 3601 arbitrati.
831 3535 910 3610 Quid
935 3535 1013 3595 enim
1035 3536 1092 3595 ists
1116 3534 1212 3593 nunri-

173 3675 245 3718 num
257 3657 445 3718 multitudine
459 3655 619 3733 lucramur,
643 3657 700 3716 nisi
722 3661 756 3716 ut
778 3653 851 3715 fuiss
874 3654 1022 3714 tribuatur
1044 3651 1212 3724 nominibus

172 3775 365 3854 significatio,
400 3774 492 3835 inisus
514 3791 652 3834 rusorum
680 3792 752 3834 usus
778 3772 870 3833 tuisse
892 3765 1038 3851 putetur?
1081 3769 1213 3847 Antiqun

174 3893 441 3955 uomiunubiosrtu
453 3897 533 3970 suut,
542 3896 622 3970 petet
634 3909 700 3952 esse
712 3890 888 3970 adhibenda,
897 3889 947 3950 ubi
956 3889 1213 3950 noudumiuventn

173 4015 254 4093 sum,
276 4011 376 4089 potius
399 4027 472 4071 novo
495 4009 643 4087 finguntur
664 4027 700 4069 ex
723 4010 834 4069 nostris
850 4008 959 4086 tinguis
972 4009 1101 4084 nomine,
1123 4021 1213 4082 quem

176 4135 210 4189 ut
244 4129 324 4190 imni
357 4127 499 4190 dootrime
531 4129 731 4190 ostentatione
761 4126 806 4187 vei
842 4121 955 4187 ineerta
985 4122 1142 4186 admodum
1166 4121 1211 4181 vei
