2906 4716
823 255 867 322 86

387 467 520 548 χέρνιβα
542 457 577 524 δ’
597 457 783 545 ιῖμφέπολος
803 458 930 545 προχόῳ
953 457 1083 542 έπέχεοε
1104 462 1254 544 φέρουσα,

388 583 479 674 καλῇ,
503 583 637 672 χρυσείη,
657 575 739 663 ὑπὲρ
761 573 1095 661 όργορέοιολέβητος,

325 708 357 763 et
368 700 425 764 Od.
438 692 552 777 e386:
575 696 671 782 γρηῢς
681 695 718 761 δὲ
728 693 842 781 λέβηθ’
856 693 1178 781 έλόπαμφανόωντα,
1200 699 1246 786 τῷ
1256 695 1364 772 πόδας
1440 723 1441 732 ’

324 819 518 902 ἐξαπένιζεν.
561 818 646 879 Alter
667 835 740 878 usus
763 833 819 876 non
843 816 942 876 minus
963 814 1104 895 frequens
1120 821 1166 878 est
1180 817 1217 878 ad
1230 833 1364 897 eoquen-

325 940 395 1001 (ium
417 943 448 1000 et
469 935 710 1014 calefaciendum,
733 935 769 996 ut
790 933 825 996 ΙΙ.
847 955 881 1017 φ,
902 927 983 994 362:

384 1051 435 1132 Ὡς
456 1054 493 1120 δὲ
514 1053 608 1138 λέβης
629 1053 678 1132 ζετ
696 1050 790 1119 ἔνδον
811 1049 1018 1134 έπειγόμενος
1038 1055 1113 1136 tropi
1133 1051 1256 1142 πόλλφ,

389 1177 518 1258 ιινλσσην
538 1169 734 1256 μελδόμενος
755 1166 999 1254 ἁπαλοτρεφέος
1020 1170 1158 1262 σιόλοιο.

326 1291 373 1358 Ci-
395 1291 530 1372 AEschyii
552 1290 588 1354 ir.
609 1309 657 1370 np.
674 1289 746 1351 ath.
769 1284 883 1368 11,37,
906 1288 932 1350 i:

389 1406 446 1476 τόν
465 1412 527 1492 μὲν
548 1411 676 1491 τρίπους
697 1401 821 1486 ἐδέξατ’
842 1407 957 1483 eluctor
976 1406 1080 1493 λέβης,

390 1527 456 1592 ciet
475 1527 648 1614 φυλάσσων
670 1523 726 1612 τὴν
745 1519 825 1608 όπέρ
846 1522 945 1608 πυρός
966 1526 1089 1591 στάσιν.

326 1647 372 1709 Hx
392 1646 518 1728 abrupto
540 1646 606 1707 loco
629 1644 745 1706 definiri
768 1663 826 1705 non
850 1649 964 1726 potest,
992 1650 1092 1706 utrum
1115 1641 1203 1706 rerba
1226 1637 1362 1727 τὸνμὲν

326 1761 456 1845 ἐδέξατο
478 1765 516 1826 de
537 1763 686 1826 cineribus
708 1753 818 1824 mortui
841 1763 1030 1842 intelligenda
1047 1765 1117 1836 sint,
1140 1764 1176 1826 ad
1199 1780 1278 1842 quos
1300 1781 1361 1824 ser·

326 1885 437 1946 vandos
458 1885 548 1945 etiam
570 1883 641 1944 alibi
664 1881 824 1961 AEsehytus
846 1883 930 1942 aenis
952 1899 1025 1942 usus
1046 1886 1093 1942 est
1114 1886 1157 1956 (v.
1180 1900 1209 1961 p.
1231 1876 1304 1961 48),
1327 1899 1361 1942 an

327 2001 364 2064 'tie
388 2001 447 2064 alia
473 2019 522 2080 re,
556 2006 591 2062 ut
616 2001 654 2062 de
680 1999 762 2062 Pelia
788 2018 806 2062 a
831 1999 936 2062 Medea
963 2004 1092 2062 recocto.
1147 2000 1202 2062 Hic
1229 1999 1362 2060 videmus

325 2117 422 2180 lebeta
453 2117 549 2180 tribus
582 2118 708 2197 pedibus
740 2119 936 2197 instruetum3
970 2117 1069 2199 vulgo,
1101 2123 1200 2179 autem
1228 2135 1286 2179 nec
1313 2133 1362 2196 pes
1440 2155 1441 2180 ι

328 2253 383 2298 nec
404 2253 476 2297 ansa
498 2235 616 2314 aderat,
646 2236 699 2296 sed
721 2251 814 2316 super
843 2237 941 2314 ignem
964 2235 1188 2298 sustentabatur
1208 2237 1361 2316 supposito

328 2355 459 2436 tripode:
486 2371 553 2434 que
575 2353 672 2432 imago
694 2353 724 2414 in
747 2355 877 2432 antiquis
900 2353 1100 2416 monumentis
1123 2351 1361 2433 frequentissime

326 2473 468 2546 occurrit,
491 2475 525 2533 ut
546 2471 651 2533 lebetis
669 2469 773 2550 iorma,
796 2474 821 2533 si
837 2473 976 2551 qnaaiia,
999 2475 1141 2536 ccrtnsit.
1185 2471 1262 2534 Nam
1286 2471 1360 2550 quod
1439 2505 1440 2512 ι

326 2589 507 2652 Leironoius
530 2590 620 2670 tEph.
633 2591 682 2651 Er.
697 2585 792 2668 1833,
804 2609 832 2670 p.
844 2585 918 2669 730,
932 2595 993 2652 not.
1007 2587 1037 2662 l)
1061 2593 1144 2668 dicit,
1167 2592 1264 2654 lebeta
1286 2589 1360 2670 apud

326 2707 490 2769 Homerum
511 2726 577 2769 esse
599 2709 687 2770 ollam
705 2709 850 2787 tripedem
866 2709 1081 2791 coquinarium,
1104 2711 1245 2791 admiror,
1268 2710 1360 2770 virum

326 2825 530 2886 doctissimum
553 2845 588 2886 er
613 2844 659 2903 eo,
683 2827 762 2904 quod
785 2825 934 2887 Homerus
956 2827 1029 2888 olias
1052 2845 1109 2887 non
1132 2828 1275 2905 nominet,
1298 2824 1361 2888 eiii·

327 2960 409 3017 cere,
443 2949 476 3004 ut
505 2943 580 3004 olias
602 2943 715 3004 lebetas
737 2944 940 3023 appeilaverit.
971 2945 1124 3028 ¹Multum
1144 2964 1217 3006 sane
1239 2917 1361 3006 interest
1437 2949 1438 2970 ³

328 3063 405 3122 inter
426 3066 558 3140 apertam
581 3064 647 3122 aeni
670 3067 701 3123 et
722 3061 854 3124 clausam
876 3062 942 3122 oiiae
964 3063 1105 3141 speciem.

411 3177 501 3253 Quod
529 3181 565 3240 ari
594 3183 749 3241 materiem
776 3182 897 3259 attinet,
930 3197 1048 3258 semper
1076 3199 1114 3241 ex
1140 3179 1267 3240 metaliis
1295 3177 1359 3239 iacti

327 3298 518 3358 nominantur
530 3297 653 3360 lebetes.
696 3296 838 3374 Argentei
860 3302 931 3358 sunt
953 3299 1030 3377 apud
1043 3297 1218 3360 Homericos
1229 3313 1316 3374 rogos
1326 3293 1359 3356 ad

326 3433 432 3476 manus
454 3415 609 3492 lavandas,
642 3414 731 3493 vulgo
748 3420 858 3476 autem
888 3417 993 3491 aenei,
1027 3417 1106 3486 unde
1136 3416 1262 3476 Romani
1289 3430 1358 3475 aena

326 3533 440 3594 dicunt.
492 3532 644 3594 Homerici
666 3550 785 3627 semper
812 3535 953 3613 pretiosi,
988 3535 1128 3595 dicuntur
1150 3535 1293 3608 αἴθωνες
1315 3529 1358 3600 (ii.

326 3674 347 3726 r,
370 3645 460 3730 123),
484 3648 742 3736 παμφανόωντος
764 3655 820 3732 (ψ,
840 3646 938 3727 613),
961 3655 992 3712 et
1013 3651 1139 3730 tegimus
1160 3651 1196 3713 ΙΙ.
1220 3643 1357 3733 114885:

325 3763 404 3850 βοός
425 3764 519 3846 ἄξιον
541 3764 759 3851 ἀνθεμόεντα.
808 3765 997 3848 Quamquam
1019 3770 1111 3847 igitur
1132 3788 1190 3829 non
1215 3769 1359 3848 tripodum

327 3886 455 3964 pretium
477 3885 644 3965 oequabant,
667 3891 766 3948 temen
789 3904 847 3947 non
870 3889 968 3948 minus
990 3905 1080 3968 quam
1103 3887 1146 3948 iiii
1169 3887 1358 3948 certaminum

325 4004 446 4082 premia
469 4004 725 4083 proponebantur,
756 4023 783 4064 v.
814 4004 845 4065 ΙΙ.
869 4017 911 4087 φ,
939 4000 1004 4064 262
1032 4022 1114 4086 sqq.;
1148 4005 1232 4068 Pind.
1261 4004 1358 4066 istum.

330 4120 355 4196 i,
379 4114 430 4184 ⁹20.
