2906 4716
582 295 627 364 iffi

471 495 500 564 2.
545 497 748 583 Πνθᾶννη.

157 615 357 680 Diminutiva
378 617 524 699 vocabuli,
547 617 627 698 quod
649 621 695 678 est
716 621 828 697 πίθος,
861 622 931 681 sunt
952 621 1124 705 ποθοέριον,

77 735 202 810 athnoe,
226 737 402 812 πιθίσκος.
446 737 567 829 Addunt
588 737 678 798 etiam
699 733 883 820 πνθοῖννην,
906 757 972 817 que
993 759 1011 801 a
1032 739 1125 802 Lace·

79 850 232 912 demoniis
262 853 426 915 dicebatur
452 851 608 936 πισάννη,
647 853 685 916 ab
713 854 947 918 Atheniensibus
973 855 1125 944 φιδάκνη,

78 969 206 1044 aspirata
228 971 339 1033 littera
362 988 398 1051 p3
431 971 516 1033 euius
539 973 724 1050 mutationis,
747 973 825 1051 apud
848 969 1046 1042 Athenienses
1066 991 1124 1040 non

79 1083 216 1165 insolite,
241 1083 420 1153 Lobeehius
432 1090 468 1152 sd
481 1087 683 1169 Phryniehum
693 1108 724 1168 p.
737 1083 800 1152 113
810 1091 883 1154 uitat
894 1091 958 1154 heo
969 1093 1123 1172 exempla:

81 1197 296 1288 ἀσφάραγος,
321 1206 446 1292 laeuos,
469 1210 587 1291 σφνρλς,
609 1206 781 1294 σφονδύλη,
803 1209 954 1294 σφόγγος.
997 1209 1056 1274 Sed
1079 1212 1126 1274 di·

81 1322 227 1385 minutias
253 1327 304 1388 ris
333 1325 370 1388 ab
399 1327 456 1388 hoo
482 1326 626 1388 vocabulo
655 1345 778 1406 prorsus
806 1334 920 1392 remota
945 1333 1001 1392 est.
1051 1328 1126 1392 Nam

80 1436 287 1524 hesychium,
323 1441 489 1528 φιδάκνην
519 1445 763 1524 interpretantem
795 1448 960 1530 urbanior
995 1446 1125 1530 μικρόν,

81 1558 209 1636 στενόν,
246 1580 309 1622 non
343 1581 500 1644 curamus,
535 1564 588 1642 qui
620 1581 656 1624 ex
684 1563 884 1643 Aristophane
912 1568 1127 1649 acceperimus,
1182 1645 1186 1650 Ι

83 1672 283 1740 Athenienses
301 1678 338 1750 ἐν
347 1653 521 1770 enodavere
532 1680 682 1744 habitasse
705 1681 822 1760 (liquit.
838 1701 864 1744 v.
876 1679 972 1764 792),
995 1688 1027 1744 et
1047 1685 1125 1764 apud

83 1788 318 1860 Demosthenem
340 1799 512 1879 legerimus,
534 1798 697 1862 Onetorem
719 1801 819 1860 omnia
837 1800 996 1862 abstulisse
1016 1804 1127 1864 rustica

86 1925 151 1972 rasa
178 1911 270 2000 πλὴν
292 1917 355 1982 τῶν
374 1917 606 1984 attenuabant
634 1913 665 1990 (i
691 1911 755 1998 οὐχ’
782 1913 853 1991 οἷόν
880 1913 965 2003 iria
987 1913 1126 1994 aeaco,

86 2023 118 2104 ἐξ
137 2025 286 2118 ἀνάγκης
307 2030 467 2100 ὑπέλιπεν
488 2037 536 2109 (in
559 2034 648 2097 Onel.
671 2034 701 2116 Ι,
725 2029 830 2112 928).
872 2035 1008 2100 Fuerunt
1034 2037 1125 2116 igitur

88 2149 253 2242 arbritros
277 2171 337 2214 non
361 2155 490 2214 minores
512 2172 602 2233 quam
624 2153 739 2230 nibai,
762 2173 859 2233 neque
881 2155 1010 2218 nominis
1031 2153 1124 2218 iorma

90 2263 261 2334 diminutiva
284 2275 340 2332 est.
396 2270 471 2333 Nam
503 2273 576 2334 satis
608 2291 676 2336 raro
709 2274 857 2334 invenitur
890 2271 939 2334 hle
973 2274 1126 2336 nominum

90 2381 200 2465 exitus3
242 2408 299 2450 nee
321 2390 378 2452 alia
408 2389 481 2452 mibi
510 2390 689 2452 subveniunt
716 2390 865 2471 exempla,
907 2392 962 2452 nisi
991 2386 1125 2472 ninom,

91 2501 149 2562 lum
167 2505 311 2592 πολίχνη
332 2513 363 2570 et
384 2507 529 2590 νολλχνηε
564 2509 670 2570 borum
691 2511 792 2570 autem
813 2509 843 2568 in
866 2507 947 2568 nullo
969 2511 1050 2567 certa
1071 2525 1126 2584 ap·

91 2624 172 2692 naret
191 2623 369 2689 diminutiva
391 2625 586 2706 signifieati03
607 2628 707 2719 potina
728 2624 892 2687 similitudo
911 2625 1069 2703 indicatur,
1094 2630 1127 2686 ut

94 2737 238 2827 πιθάκνια]
260 2745 303 2804 sit
324 2763 374 2806 vas
396 2758 432 2806 ex
455 2727 563 2823 genere
586 2743 744 2806 doliorum.
779 2743 967 2823 Quemquam
988 2741 1045 2804 hoe
1067 2761 1125 2805 non

94 2852 246 2924 admodum
270 2864 366 2926 tenuit
380 2861 510 2924 Panotlra
533 2863 563 2923 in
589 2861 796 2924 constituenda
816 2860 1008 2942 torma,eius,
1032 2860 1125 2924 Reoh.

94 2966 143 3054 ill,
163 2970 194 3042 3.

172 3093 264 3159 Extat
291 3097 349 3160 hou
378 3097 552 3160 vocabulum
581 3101 689 3176 preter
715 3078 822 3160 citatos
851 3097 932 3158 loaos
958 3098 1035 3175 apud
1057 3096 1125 3157 Ari-

95 3211 265 3290 stophanem
287 3217 317 3276 in
340 3215 429 3278 Pluto
451 3234 479 3277 v.
496 3210 571 3294 546,
594 3215 644 3276 ubi
666 3233 722 3295 pro
740 3219 853 3278 mactra
874 3214 983 3274 habent
1005 3211 1124 3296 φιδάκ-

96 3345 146 3410 νης
170 3329 317 3416 πλοοριλν
344 3330 518 3418 ἐρρωγυῖαν
550 3335 605 3398 καὶ
631 3330 758 3416 roma,
792 3334 822 3393 in
853 3331 1015 3410 fragmento
1045 3329 1126 3390 lonis

97 3439 156 3507 cns
177 3468 226 3531 ap.
249 3451 321 3514 sn.
345 3451 407 3532 xi,
428 3446 509 3530 aaa,
545 3451 579 3513 s:
614 3447 652 3512 ae
672 3425 803 3527 canaba
822 3452 997 3516 nasama»
1019 3443 1126 3533 α’φοο-

96 3575 196 3645 σοντος
217 3565 336 3646 ὄλπαις
357 3569 456 3644 οἶνον,
484 3574 547 3630 tum
570 3567 706 3630 Eubulus
729 3587 776 3650 ap.
799 3569 868 3632 Ath.
880 3569 905 3648 1,
927 3557 979 3644 28,
1001 3587 1026 3629 e.
1050 3567 1128 3627 iuter

98 3675 650 3766 bonasingulorumlocorumproprin
670 3681 1127 3769 ponitMsyaoraolrrnioiamo.

97 3793 244 3881 hosimus,
278 3804 380 3866 fictilia
402 3823 471 3866 rasa
493 3803 596 3888 luisse,
630 3807 709 3884 quod
732 3805 818 3887 (locet
840 3804 943 3866 Pollux
967 3803 1032 3885 Vll,
1066 3797 1129 3863 162
1248 3841 1250 3848 ,

99 3919 127 3975 et
145 3917 266 3984 Polemo
288 3939 335 4002 ap.
357 3923 429 3984 Ath.
453 3915 531 4004 488,
554 3941 587 3999 ο,
614 3924 666 4002 qui
688 3922 788 3998 tradit,
811 3921 944 3983 Lacones
967 3924 996 3982 in
1019 3921 1130 3982 solem-

100 4035 178 4102 nibus
200 4041 332 4104 heorum
354 4041 508 4118 religionis
534 4057 624 4102 causa
652 4039 768 4118 poeulls
797 4055 867 4100 nsos
890 4057 957 4100 esse
978 4037 1128 4114 fictilibus,

834 4159 837 4166 ’
912 4191 928 4235 s
