2906 4716
472 243 721 370 ’,Α

90 471 114 533 b.
136 475 165 532 ec
186 465 272 549 483,
296 476 351 549 n),
373 472 444 532 durn
468 469 556 532 Plinii
578 475 666 532 aelate
689 471 855 549 (XXXVl,
877 471 908 535 S.
930 467 984 548 67,
1007 477 1030 550 g
1053 471 1130 550 198)

90 591 152 650 vitri
174 587 275 654 “usus
298 591 334 652 ad
358 590 517 670 potandum
539 591 653 668 argenti
676 589 794 690 melplla
816 595 846 652 el
869 594 932 653 auri
956 593 1098 672 pepulil.”

570 775 593 850 g
615 773 644 840 4.

396 913 444 982 De
465 913 644 984 nominibus
665 937 825 986 uasorum.

170 1061 226 1123 llis
248 1064 330 1124 vasis
351 1063 445 1142 primo
469 1063 608 1142 inventis,
631 1079 690 1142 quo
712 1065 821 1142 cuique
844 1068 963 1129 nomine
986 1065 1121 1144 libuerat,

93 1179 265 1257 appellabat,
290 1199 401 1244 essue
425 1181 527 1261 lingua
548 1182 715 1260 desumpto.
744 1180 832 1256 Quod
856 1151 891 1244 ut
911 1183 1044 1246 naturale
1066 1191 1130 1248 erat

94 1315 142 1358 nec
174 1315 228 1378 per
255 1317 290 1360 se
319 1299 476 1362 admodum
504 1300 747 1379 vituperandum,
776 1302 817 1362 ita
850 1307 881 1362 el
913 1301 970 1364 hoc
1002 1301 1128 1364 habebat

94 1416 282 1497 incommodi,
307 1420 386 1497 quod
408 1419 510 1480 eadem
533 1436 604 1479 vasa
626 1418 695 1480 alibi
718 1420 785 1480 aliis
807 1419 975 1482 nominibus
997 1419 1128 1500 appella-

95 1533 212 1610 bantur,
246 1555 346 1616 neque
374 1553 443 1598 eum
472 1535 602 1600 fructum
632 1538 773 1599 afferebat
801 1540 987 1618 antiquitatis
1012 1539 1137 1614 studio,

95 1653 140 1728 qui
160 1654 227 1715 iure
249 1656 400 1735 expectari
423 1673 511 1733 posse
533 1657 698 1737 videbatur,
722 1661 764 1736 ul,
789 1662 1005 1718 tanlonurnero
1022 1675 1128 1720 monu-

96 1775 255 1834 mentorum
271 1775 400 1852 invento,
420 1777 573 1836 constaret
587 1777 689 1856 eliam,
711 1792 785 1854 quas
800 1775 835 1834 ad
851 1791 899 1834 res
915 1777 952 1836 iis
966 1777 1012 1838 usi
1026 1784 1127 1838 esseut

96 1892 214 1970 veteres,
237 1892 296 1970 vel,
321 1893 400 1970 quod
423 1891 500 1952 idem
523 1897 582 1970 est,
604 1893 713 1970 quibus
736 1892 905 1954 nominibus
919 1893 1125 1971 appellassent.

96 2001 283 2076 Laudandum
306 2011 397 2089 igilur
419 2029 521 2072 eorum
544 2011 693 2089 studium,
716 2013 767 2090 qui
792 2029 857 2072 earn
879 2029 1000 2088 operam
1022 2030 1126 2074 susce-

98 2131 214 2201 perunt,
248 2132 282 2190 ul
306 2147 375 2190 uera
397 2145 534 2212 vasorum
562 2129 681 2190 nomina
711 2134 893 2211 quaererent,
927 2133 1124 2192 etiamsinon

97 2245 162 2304 salis
183 2247 395 2328 intellexerint,
419 2265 478 2326 qua
500 2250 546 2309 via
569 2249 597 2310 in
620 2247 677 2308 bac
699 2265 732 2308 re
754 2249 950 2310 insistendum
972 2239 1060 2314 esset.

173 2361 276 2438 Quum
305 2366 355 2426 alil
382 2368 509 2444 sparsim
536 2371 567 2427 et
596 2368 663 2428 data
685 2367 842 2427 occasione
863 2366 939 2427 hanc
962 2385 1024 2426 rern
1047 2370 1126 2443 egis·

98 2484 174 2561 sent,
205 2486 320 2562 primus
348 2486 516 2546 universam
546 2503 609 2546 rern
636 2486 769 2562 suscepit
802 2481 967 2542 Theodorus
989 2481 1125 2564 Pannsleo
1225 2473 1228 2478 ⁴

98 2592 166 2657 libro
187 2602 282 2683 edito,
318 2605 369 2682 qui
396 2603 567 2664 inscribitur
590 2602 802 2664 “Recherches
824 2619 876 2664 sur
898 2601 941 2660 les
966 2601 1122 2662 veritables

98 2729 174 2778 roms
194 2720 247 2782 des
269 2721 364 2782 Vases
385 2719 505 2784 Grces.”
538 2719 621 2782 Paris
645 2715 737 2782 1829.
760 2719 811 2782 lol.
854 2720 947 2780 Movit
970 2739 1043 2798 rem,
1066 2739 1124 2780 non

98 2842 252 2920 promovit3
295 2857 352 2900 nce
383 2841 493 2902 iniuria
519 2838 691 2901 Lclronninc
720 2841 749 2900 in
777 2856 902 2900 censura
931 2837 1020 2900 buius
1053 2857 1124 2918 ope-

99 2949 154 3031 ris,
197 2975 265 3036 quae
301 2958 411 3036 legitur
449 2961 479 3018 ln
517 2956 765 3037 prenreridibus
797 2957 989 3018 Eruditorum
1025 2951 1124 3035 1833,

99 3062 171 3150 Mal,
202 3067 280 3155 lul,
314 3074 398 3157 Oet,
422 3076 514 3156 Nou,
537 3075 624 3156 Dec,
647 3081 677 3136 et
699 3093 834 3136 seorsum
856 3091 963 3135 excusa
985 3079 1031 3134 est
1057 3093 1124 3136 ourn
1240 3077 1242 3080 ’

99 3185 178 3250 tilulo
207 3191 453 3256 “Observations
483 3193 701 3272 philologiques
734 3200 765 3255 et
797 3193 1040 3269 archeologiques
1073 3209 1125 3252 sur

99 3297 136 3362 les
166 3327 252 3372 uoms
282 3313 335 3374 des
368 3329 453 3374 vases
485 3311 611 3394 urerer,
649 3313 822 3384 contendit,
855 3329 916 3372 rem
945 3310 1034 3370 etiarn
1057 3314 1125 3388 post

101 3415 228 3490 Panolkae
256 3431 463 3509 opuseodem
492 3429 558 3491 loeo
588 3431 767 3493 substitisse.
821 3429 940 3492 Etenim
973 3429 1023 3488 ille
1055 3445 1125 3488 cen·

101 3539 154 3601 lum
174 3551 204 3606 et
225 3563 277 3608 sex
301 3545 413 3610 Graecis
438 3548 605 3610 nominibus
627 3550 796 3627 productis,
830 3565 896 3626 quae
921 3565 958 3608 ex
980 3547 1124 3606 Athenaeo

100 3651 152 3718 lere
170 3667 270 3726 omnia
298 3668 443 3747 sumpsit,
476 3685 560 3728 suarn
594 3669 702 3745 cuique
730 3667 840 3726 nomini
869 3663 992 3724 lornram
1021 3662 1124 3768 tribuli

100 3775 170 3839 lrntn
191 3784 377 3866 temeritate,
411 3789 445 3846 ul
467 3783 527 3846 lere
549 3787 706 3864 miremur,
739 3785 764 3842 si
792 3800 851 3844 uno
879 3786 910 3842 et
937 3781 1030 3842 altero
1059 3782 1123 3841 loco

100 3889 165 3956 locro
192 3900 311 3964 lurtuna
337 3921 439 3964 verum
470 3904 625 3966 invenerit.
679 3901 760 3974 Nihil
788 3901 866 3962 aliud
898 3899 1035 3960 ellectum
1064 3904 1122 3970 est,

101 4011 149 4074 nisi
169 4024 202 4081 ut
222 4018 295 4081 ialsa
318 4021 453 4100 quaerlam
477 4022 595 4082 nomina
617 4038 672 4102 pro
694 4022 772 4080 veris
795 4023 1021 4097 usurparentur.
1065 4017 1124 4076 Fa-

101 4143 167 4195 mom
188 4140 267 4200 enirn
289 4137 364 4200 liber
386 4138 436 4201 ille
459 4143 562 4200 nactus
590 4143 653 4214 est,
686 4137 850 4214 habuitque
872 4134 1003 4196 Panollra
1026 4138 1123 4192 secta-
