2906 4716
694 225 904 324 ...Ε-

270 431 360 508 tique
382 430 507 491 necdum
529 431 637 492 adulte
659 429 731 491 artis
752 434 817 509 est3
839 429 918 490 illius
940 447 975 491 ea
997 435 1043 492 est
1057 433 1140 512 artis,
1164 449 1231 511 quo
1245 450 1310 493 ma·

268 551 351 610 terim
372 550 477 609 victrix
500 553 531 609 ot
558 547 718 608 formarum
748 553 855 625 potens
884 565 941 608 nou
969 567 1110 610 manuum
1138 550 1309 612 facultatem

269 668 325 727 sibi
356 668 461 727 deesse
491 667 615 744 viderit,
649 667 701 726 sed
729 667 873 726 internam
903 667 983 727 illam
1012 669 1102 728 animi
1130 671 1208 747 vim,
1241 685 1309 746 quae

269 786 382 863 priores
405 784 533 845 artilroes
555 785 700 863 incitavit,
725 790 758 846 ut
782 801 838 844 uon
862 788 984 863 possent
1006 803 1065 844 non
1087 785 1307 864 operatricem,

268 905 404 980 quamvis
426 903 512 964 rudia
534 902 633 962 lutura
656 905 767 964 esseut.

351 1020 477 1100 Scripsit
498 1023 536 1082 de
557 1021 660 1081 eadem
682 1037 714 1079 re
740 1017 776 1081 G.
788 1018 914 1080 Kromon
936 1020 1073 1093 [Weber
1090 1023 1146 1082 den
1159 1020 1224 1100 Styl
1246 1023 1306 1083 und

267 1141 316 1200 die
337 1139 487 1200 llerlrunlt
508 1139 561 1199 dor
582 1137 749 1198 bemahlten
771 1135 976 1215 griechischen
988 1137 1216 1216 Thongeldsse”.
1250 1139 1306 1200 lle·

268 1249 479 1333 1011111837),
503 1257 554 1334 qui
575 1260 662 1315 acute
684 1260 715 1315 et
736 1258 866 1332 graviter
889 1257 1014 1334 probare
1028 1259 1153 1333 studuit,
1175 1256 1304 1318 Atticam

266 1375 358 1434 fuisse
373 1391 510 1434 vasorum
526 1375 672 1452 pictorum
690 1373 852 1452 origiuem3
876 1376 955 1452 quod
978 1377 1063 1436 utin
1086 1376 1186 1436 multis
1210 1377 1306 1453 iisque

266 1495 387 1570 optimis
411 1496 440 1552 et
461 1492 671 1552 laudatissimis
694 1508 796 1550 verum
818 1491 952 1572 videtur,
975 1493 1016 1557 ila
1037 1495 1157 1554 modum
1179 1493 1306 1554 excessit

266 1611 442 1690 sinedubio,
465 1610 543 1687 quod
562 1611 591 1668 iu
615 1609 752 1668 omnibus
773 1611 900 1686 putavit.
932 1611 1006 1670 Eius
1021 1614 1199 1672 seutentiam
1213 1612 1306 1688 adop·

267 1731 339 1790 tavit
360 1727 471 1806 Koplor
492 1729 521 1786 in
545 1727 668 1788 historia
695 1727 768 1786 ortis
797 1745 825 1805 p.
847 1721 913 1788 ‘239
939 1747 1005 1808 sqq.
1034 1728 1171 1790 Abolani
1197 1729 1303 1790 librum

151 1883 153 1897 ι
209 1819 214 1830 ’
266 1849 303 1907 de
325 1847 409 1907 ltalia
432 1846 530 1906 media
552 1847 610 1905 iam
633 1846 742 1922 saepius
765 1844 960 1908 laudavimus.

351 1964 566 2040 Distingueuda
588 1963 726 2024 videntur
749 1965 804 2024 tria
828 1983 946 2040 genera.

351 2076 380 2140 l.
423 2078 583 2159 Antiquom
604 2082 722 2140 otrodo
741 2101 830 2160 ponus
852 2087 895 2156 (v.
917 2081 1007 2142 Geth.
1026 2080 1100 2160 Rap.
1123 2101 1153 2160 p.
1168 2078 1303 2146 14-18.

264 2199 363 2260 liram.
378 2216 405 2278 p.
417 2193 555 2260 46-72.
567 2199 661 2260 Atel.
674 2196 776 2278 pado
786 2206 878 2278 squ).
902 2199 998 2260 Huius
1010 2203 1057 2275 est
1067 2201 1170 2278 argilla
1182 2201 1302 2282 pallida,

264 2317 369 2378 torma
381 2334 494 2395 graves,
516 2323 688 2378 ornamenta
701 2319 783 2379 lusco
795 2320 905 2395 colore,
919 2321 1002 2395 nigro
1014 2322 1065 2378 aut
1077 2317 1191 2394 rubido,
1212 2320 1301 2398 piola,

265 2441 324 2496 tam
338 2436 440 2510 multa,
464 2440 497 2494 ut
512 2434 573 2495 lere
589 2437 687 2496 nullus
700 2437 785 2497 locus
799 2455 909 2498 vacuus
922 2437 1116 2514 relinquatur,
1140 2437 1190 2498 ubi
1213 2435 1302 2514 paulo

264 2521 418 2634 procerius
432 2571 483 2613 vas
498 2558 554 2634 est,
577 2554 711 2632 pluribus
734 2555 889 2614 ordinibus
911 2559 951 2633 et,
975 2559 1008 2614 ut
1029 2555 1088 2615 droi
1111 2554 1197 2633 solet,
1219 2557 1301 2614 sonis

263 2671 438 2748 distributa,
461 2671 636 2755 plerumque
658 2677 709 2732 aut
730 2673 820 2732 lloros
842 2676 922 2750 suut,
944 2677 1005 2750 aut,
1030 2672 1108 2750 quod
1133 2673 1303 2750 vulgatissi-

264 2807 355 2868 mum⁷
388 2789 541 2866 animalia,
580 2791 728 2850 interdum
752 2791 887 2848 homines
920 2796 1072 2850 venantes.
1124 2789 1301 2869 Exemplum

266 2908 502 2966 laudatissimum
526 2908 614 2968 huius
637 2909 754 2985 generis
777 2905 914 2968 Corinthi
937 2909 1089 2967 inventum
1112 2912 1196 2968 esta
1219 2908 1302 2970 Dod-

263 3025 376 3102 vvellio;
409 3025 468 3088 vid.
490 3026 556 3085 eius
577 3025 698 3086 Travels
720 3023 759 3102 11,
782 3044 810 3103 p.
833 3021 903 3086 loo.
946 3025 1055 3085 Miiller
1076 3025 1201 3084 Denlm.
1224 3024 1249 3105 1,
1271 3043 1301 3085 u.

265 3136 314 3204 18.
357 3143 424 3204 Alia
452 3145 584 3222 exempla
607 3163 631 3204 v.
655 3162 702 3222 ap.
725 3141 814 3205 Gerh.
837 3147 867 3202 et
889 3142 1029 3219 Gargiulo
1052 3140 1156 3222 Conni,
1179 3143 1237 3204 tab.
1262 3142 1298 3221 V,

263 3265 294 3321 et
314 3263 439 3340 sparsim
469 3263 499 3334 ip
526 3261 585 3323 tab.
609 3261 656 3339 X,
691 3279 758 3338 quaa
785 3263 917 3321 continet
946 3265 1084 3320 extremae
1111 3265 1145 3320 ot
1168 3260 1301 3320 barbarae

262 3381 437 3459 artisvasa;
460 3395 527 3438 nam
543 3383 623 3437 recte
644 3379 727 3458 vidit,
750 3379 854 3438 rudem
877 3383 908 3437 et
928 3377 1081 3438 barbaram
1104 3382 1199 3438 artem
1222 3393 1301 3456 serpe
1339 3377 1342 3388 '

262 3499 414 3575 antiquam
437 3496 541 3575 videri,
563 3513 654 3573 quum
677 3513 735 3554 non
758 3498 812 3576 sit3
846 3513 1025 3574 quamquam
1049 3496 1199 3556 distinctio
1222 3514 1301 3575 saepe

262 3615 445 3692 perdiilioilis
467 3619 529 3695 est,
563 3632 642 3693 saepe
670 3613 735 3673 lieri
763 3614 814 3673 vix
840 3618 948 3692 polest.
1004 3613 1043 3674 Ut
1070 3617 1170 3675 autem
1197 3613 1234 3674 de
1262 3615 1299 3674 iis

262 3732 429 3812 loquamur,
454 3752 520 3811 quae
541 3751 610 3793 vore
625 3735 746 3810 antiqua
761 3737 841 3809 suut,
863 3733 1014 3811 pertinent
1025 3748 1059 3791 ea
1073 3733 1109 3792 ad
1125 3732 1154 3791 id
1169 3736 1298 3811 tempus,

263 3867 322 3926 quo
333 3848 435 3910 Graeoa
457 3867 516 3930 ars,
538 3851 669 3911 nondum
690 3852 737 3910 sui
759 3851 862 3911 iudicii
885 3850 972 3928 lacta,
994 3849 1142 3910 retinebat
1162 3868 1208 3927 ea,
1231 3867 1299 3927 quaa

262 3965 390 4043 nuntiis,
412 3967 557 4043 imprimis
574 3969 714 4029 Asiaticis
737 3968 854 4046 populis
876 3971 1049 4045 acceperat3
1072 3969 1158 4028 cuius
1181 3969 1298 4044 generis

262 4088 332 4144 sunt
354 4081 471 4144 lamina
493 4089 657 4164 curreutes,
682 4089 824 4162 quattuor
845 4085 900 4144 alis
923 4087 1085 4161 instructae,
1108 4085 1174 4146 alia.
