2902 4704
765 280 828 346 166

278 488 335 558 c’n'
357 486 505 573 diruitur,
521 506 588 550 cum
616 489 755 551 πίνουσα
783 486 1019 558 coniunxerunt,
1056 501 1115 546 non
1145 503 1214 548 cum
1243 489 1321 568 ίησι,

278 609 390 672 iactum
411 615 470 687 est,
492 613 526 668 ut
547 604 731 685 grammatici
753 603 874 680 quidam
900 602 1000 681 poculi
1033 619 1127 680 genus
1148 607 1321 664 statuerent

278 726 334 813 τὴν
355 724 505 810 ἀγκύλην,
534 745 562 787 r.
584 723 656 785 alth.
676 715 751 800 667,
774 737 799 783 o.
854 719 1039 798 Propagatus
1071 727 1118 782 est
1149 721 1199 782 hic
1232 737 1320 780 error

278 865 333 926 per
353 845 504 906 Pollucem
527 842 578 922 Vl,
599 837 653 920 95,
675 857 731 920 per
753 837 946 917 Hesychium
975 839 1047 917 quin
1072 858 1126 918 per
1139 839 1319 899 Athenaeum

280 965 387 1042 ipsum,
409 964 462 1042 qui
484 961 640 1023 undecimo
660 958 735 1018 libro
758 973 895 1018 rasorum
907 959 1025 1018 nomina
1038 957 1233 1036 conquirendi
1251 961 1321 1018 stu-

281 1081 383 1142 diosus
405 1075 545 1162 ἀγκύλην
580 1078 654 1138 dicit
687 1094 755 1138 esse
776 1074 929 1158 ποτήριον
950 1075 1031 1157 πρὸς
1063 1071 1120 1158 τὴν
1152 1075 1215 1138 πεῖν
1241 1095 1318 1138 aror-

280 1196 388 1280 cepoe
409 1193 549 1262 παιδιὰν
567 1193 729 1280 χρήσιμον.

712 1495 743 1562 7.
784 1494 880 1577 Ὀξίς

281 1741 298 1784 a
320 1720 441 1784 Polluce
462 1720 514 1799 Vl,
535 1713 579 1782 85
600 1721 722 1800 ponitur
743 1721 822 1780 inter
843 1719 1099 1780 condimentorum
1127 1735 1213 1797 vasa,
1244 1719 1323 1778 dici-

277 1845 390 1918 turque
412 1839 441 1900 id
464 1855 541 1914 esse,
565 1839 594 1900 in
618 1854 678 1914 quo
711 1841 827 1928 aflectum
860 1839 941 1900 insit.
990 1835 1071 1896 ldem
1105 1837 1194 1896 tradit
1223 1835 1320 1898 schol.

280 1958 333 2019 Ar.
354 1957 411 2034 Eq.
435 1950 520 2016 1304
541 1961 571 2017 et
593 1954 673 2018 Plut.
694 1949 767 2018 812.
812 1953 1010 2016 Confirmatur
1030 1941 1119 2014 etiarn
1138 1956 1321 2032 scriptorum

224 2115 236 2146 a
281 2074 365 2150 locis,
388 2080 422 2134 ut
434 2073 546 2151 Diphili
568 2073 605 2136 ir.
617 2092 665 2152 ap.
679 2071 748 2134 Ath.
763 2071 802 2150 11,
812 2068 866 2140 67,
879 2072 913 2152 d;
935 2071 1027 2134 Arist.
1051 2071 1126 2133 Rau.
1150 2067 1243 2148 1440,
1269 2071 1321 2132 ubi

280 2191 440 2270 Euripides
461 2191 585 2252 consilia
606 2170 799 2267 inventurus,
832 2189 941 2268 quibus
971 2189 1184 2267 rempublicam
1208 2194 1322 2266 servet,

281 2309 397 2390 suadet,
419 2314 454 2370 ut
474 2313 592 2370 acetum
613 2309 644 2367 in
666 2307 796 2368 hostium
818 2307 920 2368 oculos
943 2312 1099 2386 spargant:

409 2460 452 2526 El
470 2467 668 2542 ναυμαχοῖεν
689 2453 757 2538 κᾷτ’
776 2455 900 2538 ἔχοντες
921 2454 1032 2537 ὀξίδας

408 2576 554 2659 docentor
576 2575 608 2654 ἐς
629 2581 670 2640 roi
690 2576 843 2660 βλέφαρα
863 2580 927 2642 τῶν
948 2574 1110 2643 ἐναντίων.

282 2728 338 2790 Hic
359 2728 445 2791 locus
472 2730 622 2808 duplicem
644 2731 762 2807 peperit
783 2747 916 2789 errorem
937 2727 1095 2808 Hesychii‚
1125 2729 1175 2807 qui
1205 2733 1236 2788 et
1264 2747 1323 2788 no·

281 2849 455 2908 minativum
477 2849 561 2925 ponit
581 2843 701 2923 ὀξίδαι,
734 2851 765 2906 et
796 2816 1008 2926 interpretatur
1041 2845 1180 2925 λαγύνια
1209 2845 1321 2928 μικροί.

281 2963 395 3024 Maiore
416 2964 474 3025 fide
496 2965 604 3042 dignus
636 2964 753 3024 videtur
785 2965 879 3026 schol.
901 2965 952 3027 Ar.
976 2965 1032 3042 Eq.
1059 2946 1144 3024 1304
1170 2967 1321 3043 interpre-

282 3086 361 3143 tans:
385 3081 588 3164 ἂναλοῧμεν
611 3077 781 3164 &odotem
821 3083 892 3160 quid
926 3085 1004 3143 inter
1036 3088 1197 3161 utrumque
1223 3101 1320 3160 genus

280 3198 460 3278 interfuerit,
485 3218 540 3260 nos
566 3201 726 3262 decernere
760 3217 818 3260 non
850 3217 1025 3278 possumus,
1060 3219 1128 3261 nam
1161 3203 1321 3262 temeraria

281 3315 452 3395 conjectura
474 3323 520 3378 est
548 3317 641 3378 schol.
665 3315 745 3378 Plut.
765 3309 840 3396 812,
863 3319 943 3396 quod
958 3319 1031 3380 dicit
1046 3317 1208 3398 appellatas
1223 3317 1320 3399 παρὰ

281 3428 316 3498 τὸ
338 3433 384 3510 είς
405 3428 460 3512 ὄξι)
482 3434 601 3520 λήγειν.

364 3552 454 3612 Extat
475 3553 539 3613 haeo
560 3571 615 3614 vox
638 3557 745 3632 praeler
772 3571 823 3615 eos
856 3553 955 3634 locos,
989 3572 1064 3632 quos
1086 3555 1251 3632 citavimuS‚
1290 3557 1320 3614 in

278 3669 329 3729 Ar.
353 3667 431 3732 Plut.
452 3665 517 3731 812
538 3675 569 3730 el
591 3671 620 3730 in
643 3670 693 3734 irr.
721 3671 881 3734 Nicostrati
903 3679 933 3734 et
955 3672 1078 3752 Sopatri·
1102 3689 1150 3766 up1
1170 3670 1241 3732 Aah.
1265 3669 1319 3748 Vl,

278 3779 353 3862 230,
376 3786 404 3863 d,
427 3806 454 3848 e.
504 3765 600 3849 Parva
628 3789 746 3850 vascula
779 3790 916 3868 luerunt,
950 3795 980 3850 el
1013 3789 1172 3867 singularis
1200 3789 1320 3850 videtur

280 3904 451 3979 magnitudo
485 3907 581 3965 notari
615 3908 644 3966 in
680 3880 791 3985 Diphili
825 3906 859 3970 lr.
883 3904 935 3986 67,
959 3909 994 3984 d,
1024 3907 1102 3986 quod
1129 3905 1318 3968 acetabulum

279 4017 428 4076 heminam
452 4022 574 4096 ceperit.
619 4023 768 4101 Principio
791 4043 826 4085 ex
846 4019 1098 4102 argilla‘fiebaum
1121 4043 1148 4085 v.
1178 4023 1253 4085 Poll.
1275 4024 1316 4100 X,

283 4126 357 4212 122;
381 4133 480 4198 Schol.
504 4137 522 4195 l.
546 4137 566 4198 l.
591 4141 677 4198 etad
701 4140 775 4201 Itan.
803 4137 901 4204 144οτ
925 4139 1027 4220 ὀξίδες
1048 4141 1186 4224 κεράμια
1206 4141 1317 4223 μικρά.
