2906 4716
711 259 932 360 ..Ei-u

299 469 394 530 dictos
416 485 484 528 esso
508 461 754 550 αὐτοληκύθους,
777 464 897 527 traduat
918 469 1101 542 grammatici
1134 474 1257 545 propter
1280 467 1345 526 Do-

300 587 467 648 mosthenis
484 586 582 646 iocum
604 587 634 646 in
657 583 771 647 Conon.
793 579 852 646 14:
881 583 961 650 aaran
982 581 1020 650 dv
1039 584 1078 676 ιη’
1099 584 1194 650 πόλει
1223 585 1345 650 πολλοὶ

248 684 252 690 ’
300 699 580 784 καλιύνκύηαθοῖν
600 699 728 786 ἀνδρῶν
747 700 834 778 υἱοῖς,
856 707 892 767 ot
909 702 1076 780 παίζοντες
1093 701 1148 768 oia
1165 702 1342 786 ἄνθρωποι

171 875 174 880 .
301 826 369 888 νέοι
380 825 489 906 σφίσιν
506 816 610 898 αύτοτς
624 819 805 904 λπωνυμλας
816 823 1018 904 πεποίηνται,
1041 825 1097 884 καὶ
1116 820 1247 886 καλούσι
1267 825 1342 896 τούς

300 946 361 1024 μὲν
388 940 591 1042 ζθυφύλλους
618 934 688 1014 τούς
717 937 753 1002 δὲ
778 934 1034 1022 αὐτοληκύθους,
1068 945 1101 1016 ut
1122 941 1195 1000 mihi
1217 940 1340 1017 quidem

301 1061 428 1138 videtur,
445 1059 528 1120 mate
550 1059 750 1140 intellectum3
773 1077 810 1118 an
829 1055 937 1122 καλῶν
947 1053 1110 1138 κάγαθῶν
1126 1054 1253 1141 α’νδρύν
1262 1055 1341 1133 υἱεῖς

301 1197 403 1242 servos
432 1195 489 1240 non
518 1173 690 1240 trabebant?
723 1179 783 1238 irno
811 1176 985 1238 dicebantur
1009 1178 1081 1254 ipsae
1102 1177 1239 1256 ampullae
1260 1194 1340 1251 esse,

302 1299 372 1377 quia
395 1298 485 1358 nimio
508 1300 659 1374 unguento
681 1301 712 1356 et
733 1295 800 1356 olco
824 1294 1137 1374 turpiteraitluereut.

322 1447 326 1452 ·
386 1415 459 1475 Erat
478 1413 618 1498 λήκυθος
629 1415 696 1492 riri,
720 1418 753 1474 ut
764 1415 934 1493 strophium
945 1413 1091 1488 mulieris,
1113 1431 1143 1475 v.
1154 1411 1206 1474 Ar.
1217 1412 1338 1474 Thesm.

305 1528 383 1609 1393
416 1533 578 1611 puerisque
605 1532 683 1592 douo
716 1531 872 1605 dabantur,
905 1537 940 1594 ut
961 1534 991 1592 iu
1015 1531 1109 1592 virilis
1131 1532 1226 1592 eretis
1254 1549 1340 1608 spem

303 1651 477 1730 gauderent,
501 1669 528 1712 r.
549 1650 674 1713 Aristot.
698 1649 766 1710 Eth.
789 1649 854 1712 Nic.
875 1649 926 1727 tV,
945 1645 981 1712 5:
1003 1653 1138 1734 Σφατρα
1159 1649 1179 1733 ἢ
1200 1647 1342 1732 λήκυθος

303 1763 323 1852 ή
344 1768 494 1850 καλλίστη
515 1766 579 1850 ἔχει
600 1767 885 1852 μεγαλοπρέπειαν
894 1766 1046 1832 παιδικοῦ
1064 1765 1174 1860 διήρου.
1215 1767 1256 1826 Et
1277 1771 1343 1826 erat

304 1887 382 1966 nac,
416 1885 594 1966 nisiinter,
629 1905 742 1963 causas
768 1889 873 1948 curin
904 1887 1104 1948 monumentis
1133 1884 1342 1946 detunctorum

304 2004 433 2081 ampulla
450 2005 653 2081 imponeretur
669 2009 718 2064 aut
732 1973 768 2064 er
779 2023 927 2066 marmore
938 2005 1053 2083 sculpta
1066 2004 1134 2077 (Ar.
1146 2003 1227 2064 Ecot.
1241 1998 1342 2084 llll)

305 2116 526 2182 aut'cotoribus
549 2123 648 2201 pieta,
668 2124 708 2182 ita
730 2124 809 2182 enim
821 2123 1031 2202 Aristophanis
1053 2123 1121 2186 itta:
1145 2121 1180 2197 ὃς
1201 2131 1265 2196 τοῖς
1285 2143 1343 2186 ντ-

241 2301 249 2317 „
305 2247 406 2320 erpoino
430 2237 589 2321 ζωγράφοι
611 2235 668 2314 τοὶς
688 2238 848 2322 ληκύθους
870 2241 966 2319 (Euat.
987 2237 1068 2318 906)
1091 2245 1172 2301 recte
1194 2241 1343 2316 interpre-

306 2363 385 2420 tatus
418 2363 464 2418 est
496 2356 619 2420 Suidas:
660 2357 791 2422 τοιαῦτα
818 2358 882 2440 γάρ
916 2382 987 2424 τινα
1020 2355 1057 2426 ἐν
1087 2367 1151 2434 τοῖς
1181 2355 1345 2440 μνήμασιν

304 2474 448 2559 ἔγραψας
482 2477 623 2554 namqui
653 2478 751 2537 omnia
779 2477 816 2538 ad
842 2481 933 2538 testas
954 2494 1025 2538 suas
1049 2476 1245 2552 transierunt,
1279 2475 1345 2535 traec

305 2611 426 2673 quoque
454 2611 490 2654 eu
518 2595 670 2671 pertinere
699 2595 812 2656 volunt.
868 2593 929 2672 Qui
957 2611 1027 2655 vero
1055 2595 1130 2656 alter
1158 2596 1188 2654 in
1218 2594 1345 2654 mortuis

304 2715 555 2772 commemoratur
575 2729 649 2790 mos,
676 2718 721 2792 ut,
748 2731 838 2790 quum
861 2717 930 2774 ante
952 2714 1093 2791 exequias
1115 2713 1240 2791 expositi
1264 2713 1345 2772 iace-

307 2831 372 2886 rent
394 2827 466 2888 cu1ti
489 2832 519 2887 et
542 2831 688 2908 coronati,
721 2830 857 2908 amputiae
879 2833 1098 2910 apponerentur
1119 2835 1164 2903 (v.
1186 2830 1237 2890 Ar.
1258 2830 1343 2892 Ecct.

305 2937 388 3007 538:
411 2941 512 3025 μόνον
534 2941 572 3010 ού
591 2941 811 3030 στυφανώσαύ
830 2945 901 3014 οὐδ’
922 2946 1079 3012 ἐπιθεῖσα
1096 2946 1248 3030 λήκυθον,
1272 2947 1346 3009 ibid.

306 3055 406 3124 1032:
429 3064 484 3126 καὶ
498 3067 663 3128 ταινίωσαι
681 3069 737 3130 καὶ
757 3066 915 3150 παράθου
938 3062 994 3140 τὰς
1013 3065 1199 3148 ληκύθους),
1221 3083 1290 3126 eum
1313 3067 1344 3124 id

307 3182 405 3258 potius
427 3186 578 3260 spectasse
600 3183 737 3265 arbitror,
765 3190 797 3246 ut
820 3187 960 3247 contiuuo
982 3185 1048 3245 oteo
1070 3188 1192 3246 unctum
1216 3202 1253 3244 ne
1276 3183 1346 3244 tabe

306 3303 548 3376 corrumperetur
569 3319 688 3380 corpus.

391 3413 450 3476 Sed
472 3413 603 3502 ληκύθῳ
619 3419 778 3481 utebantur
795 3423 884 3482 etiam
906 3423 942 3483 ad
962 3423 1108 3501 pipmento
1129 3419 1273 3482 servanda
1295 3423 1347 3490 (ut

308 3534 337 3592 in
366 3532 418 3594 Ar.
446 3532 527 3596 Euat.
553 3529 631 3594 1101
660 3555 735 3596 anus
763 3557 851 3616 rugas
879 3539 965 3602 iaciei
992 3539 1187 3600 medicamine
1215 3536 1346 3598 obducto

308 3649 407 3710 celans
428 3651 538 3744 dieitur
558 3651 673 3733 ἔχουσα
694 3654 839 3738 λήκυθον
858 3653 939 3740 πρὸς
960 3667 1029 3732 ταῖς
1050 3656 1222 3737 γνύθαις),
1239 3659 1287 3714 et
1308 3655 1346 3714 ad

278 3739 450 3844 μηρύοντο
478 3765 598 3830 maioris
628 3774 725 3849 pretii.
782 3773 836 3834 Ubi
871 3777 900 3835 in
930 3775 1023 3836 Arist.
1047 3773 1127 3836 Plut.
1154 3767 1219 3838 810
1247 3773 1347 3832 omnis

308 3887 467 3962 paupertas
500 3887 529 3945 in
560 3887 678 3948 divitias
711 3897 861 3972 mutatur,
895 3894 984 3953 etiam
1017 3889 1050 3956 oi
1081 3891 1218 3976 λήκυθοι
1248 3888 1349 3973 μύρου

307 4003 445 4080 γέμουσι.
489 4001 522 4062 ln
545 4007 804 4083 sumptuosissimo
826 4007 932 4072 Carani
955 4011 1089 4072 convivio
1111 4009 1279 4088 apdtiren.
1294 4007 1347 4088 tV,

309 4111 384 4192 129,
407 4119 434 4178 b.
468 4120 593 4196 singuiis
615 4125 747 4183 convivis
769 4125 916 4208 donantur
938 4129 1014 4189 binae
1036 4127 1173 4206 ampullas
1195 4127 1347 4186 heminam
