2906 4716
751 227 795 294 78

379 432 415 499 ‘0
435 431 541 518 πατὴρ
559 431 693 500 ἄνωθεν
714 431 746 510 ἐς
768 430 803 499 cd
824 437 929 518 φρέαρ
949 429 1034 520 dude
1055 431 1145 499 δοκεί

382 552 491 635 ὥσπερ
513 549 570 618 τὸν
591 552 681 617 οίνον
693 555 758 622 ,τοῦ
777 555 895 635 θέρους
915 555 1117 618 καθεικέναι.

256 672 343 751 Apud
365 671 558 734 Plutarchum
581 670 700 750 (Symp.
713 670 764 749 Vl,
775 667 807 750 4,
820 667 856 747 l)
879 674 969 732 aliam
992 673 1022 731 in
1045 673 1112 733 nive
1133 671 1299 752 deponitur

256 793 366 854 vinum.
409 791 449 851 Et
469 776 526 850 ίιίο
541 790 657 850 videtur
679 788 773 850 luisse
793 807 866 851 usus
888 793 944 855 rori
963 792 1134 872 ψυκτῆρας.

339 908 427 989 Apud
449 907 570 970 Suidam
599 908 719 986 quidem
747 913 812 970 est:
845 905 966 992 ψυκτὴρ
993 904 1060 972 ἀπὸ
1087 908 1142 973 τού
1166 909 1297 974 θᾶττον

255 1025 423 1108 ψύχεσθαι
444 1024 481 1094 ἐν
501 1021 589 1114 αύτῷ
609 1026 666 1110 τῆν
686 1027 814 1108 κρᾶσινς
836 1027 888 1086 sed
912 1045 998 1086 nemo
1020 1044 1079 1088 uon
1101 1027 1193 1104 videt,
1215 1026 1294 1088 hanc

255 1147 455 1207 coniecturam
477 1164 543 1206 ease
565 1145 744 1206 levissimam
766 1163 803 1204 ax
825 1146 891 1223 ipso
913 1147 1032 1206 nomine
1046 1146 1175 1219 ducum,
1198 1163 1294 1222 quare

255 1263 341 1325 cedat
361 1268 478 1343 oportet
495 1262 676 1324 melioribus.
719 1263 883 1324 Audiamus
900 1268 1001 1324 autem
1014 1262 1166 1324 Pollucem
1176 1259 1292 1341 vallo.

250 1377 285 1444 ‘0
306 1380 343 1445 di
363 1383 502 1466 ψυκτήρ,
535 1382 648 1459 inquit,
680 1385 728 1441 eat
753 1379 1031 1465 πολυθρύλλρτος,
1065 1381 1104 1446 dv
1125 1384 1180 1444 καὶ
1200 1378 1293 1445 δῖνον

255 1496 405 1575 ἐκάλουν,
442 1497 478 1566 ἐν
499 1495 526 1587 ᾧ
546 1494 586 1585 ἦν
607 1493 626 1565 o‘
648 1498 796 1582 ἄκρατος
818 1495 849 1563 oi
870 1498 986 1562 πολλοὶ
1008 1497 1045 1562 δὲ
1066 1495 1293 1581 ἀκρατοφόρων

255 1613 354 1682 adcor
374 1617 535 1684 καλοῦσιν’
557 1613 594 1683 ού
612 1614 749 1702 μῆνέχει
760 1619 917 1700 πυθμένα
928 1613 1000 1681 ἀλλ’
1010 1591 1292 1700 ἄπραχαλίσκους.

254 1737 412 1814 Videmus,
447 1755 515 1798 eum
537 1754 659 1816 prorsus
681 1736 863 1797 contrarium
885 1736 1019 1814 tradere,
1052 1753 1166 1796 merum
1188 1737 1292 1795 vinum

254 1857 453 1937 continuisse3
487 1857 516 1916 id
544 1855 624 1932 quod
656 1854 849 1916 confirmatur
880 1855 1059 1932 scriptorum
1093 1854 1176 1915 locis.
1223 1852 1290 1913 Vid.

253 1973 415 2034 Menander
435 1990 482 2051 ap.
504 1973 574 2036 Ath.
599 1972 652 2049 xl,
673 1967 749 2048 502,
771 1985 805 2034 e:

382 2089 532 2173 ἄκρατον,
556 2086 667 2172 ἐβόων,
689 2086 745 2172 τὴν
765 2088 919 2174 μεγάλην
941 2089 1088 2175 ψυκτῆρά
1108 2112 1154 2164 τις

379 2206 556 2290 προῦπινεν
577 2201 690 2282 animle,
713 2203 851 2283 ἀθλίους
872 2204 1050 2273 ἆποίλλυεν.

253 2323 298 2389 cl.
328 2326 465 2388 mutilum
494 2326 690 2404 fragmentum
718 2327 825 2388 incerti
847 2328 1003 2406 scriptoris
1029 2327 1098 2390 ibid.
1121 2326 1155 2388 d:
1178 2347 1290 2408 παρα-

250 2443 401 2528 μηκύνειν
421 2442 654 2528 ἐπιχειροῦντος
675 2445 731 2514 roei
745 2441 955 2527 Ἀρχεβούλου
975 2439 1187 2526 εὐκαιρότατα
1207 2465 1291 2526 προ·

248 2566 331 2644 χέων
350 2559 370 2628 d
391 2573 470 2638 πατς
492 2563 547 2628 τού
566 2563 710 2645 οἰναρίου
733 2559 907 2645 α’νατρίπει
928 2559 984 2628 τὸν
995 2562 1152 2647 ψυκτῆρα.
1195 2563 1289 2624 Usum

252 2681 386 2740 ridemus
408 2682 438 2740 io
461 2681 639 2760 Antiphanis
661 2680 697 2745 ir.
721 2701 757 2742 ex
780 2679 876 2743 Carne
899 2676 990 2760 (503,
1004 2682 1034 2758 b,
1048 2680 1093 2758 cl,
1119 2681 1169 2741 ubi
1192 2683 1289 2760 primo

250 2797 362 2874 vulgari
385 2798 473 2859 modo
489 2799 604 2880 hibunt,
625 2801 726 2860 vinum
748 2817 783 2860 ax
805 2805 944 2878 psyctere
965 2799 1104 2860 haustum
1127 2799 1235 2877 cyatho
1258 2800 1288 2858 in

250 2914 356 2993 pocula
384 2913 572 2977 infundentes
594 2949 636 2962 -
657 2936 734 2996 aqua
761 2923 813 2979 aul
840 2919 899 2978 iam
927 2922 992 2978 erat
1019 2919 1049 2977 in
1076 2917 1203 2996 poculo,
1236 2921 1289 2977 aut

251 3037 319 3112 post
340 3005 582 3112 admiscebaturJ
606 3054 634 3098 v.
657 3035 780 3099 Becker.
804 3036 893 3098 Char.
906 3035 931 3114 l,
952 3031 1018 3095 464
1038 3065 1081 3082 -
1102 3053 1170 3095 mox
1194 3053 1288 3113 quum

251 3154 349 3212 acrius
384 3156 487 3230 potare
522 3153 659 3232 libuerit,
691 3159 802 3232 praeter
829 3154 935 3216 cadum
963 3159 993 3214 et
1020 3153 1160 3231 poculum
1187 3153 1289 3213 omnia

250 3268 398 3332 aulerunt.
442 3270 527 3332 Alios
548 3273 727 3349 scriptorum
750 3272 831 3332 locos
853 3273 925 3332 citat
947 3271 1111 3332 Athenaeus
1132 3291 1161 3350 p.
1180 3267 1287 3350 50‘2‚d

248 3381 365 3467 -503‚
388 3389 417 3450 d.
461 3388 505 3449 Ac
528 3408 565 3449 ne
587 3391 655 3466 quia
677 3394 777 3468 putet,
811 3389 867 3450 hoc
897 3409 1004 3450 nomen
1038 3389 1168 3450 Pollucis
1198 3394 1287 3450 aetata

249 3503 342 3566 luisse
363 3508 508 3583 ignotum,
530 3505 640 3584 legitur
661 3509 738 3586 apud
754 3505 937 3568 Clementem
948 3508 1181 3568 Alexandrinum
1204 3505 1287 3580 (Pae-

249 3623 353 3701 dagog.
380 3623 419 3702 ll,
441 3620 472 3704 3,
497 3641 525 3702 p.
544 3618 606 3686 188
633 3625 779 3699 Potter.):
809 3620 957 3708 Ἐρρέτων
978 3628 1082 3692 τοίνυν
1105 3624 1288 3710 Θηρίκλειοί

248 3761 331 3815 τινες
349 3738 472 3816 κύλικες
484 3744 538 3804 καὶ
550 3737 772 3822 Ἀντιγονίδας,
794 3743 962 3825 κάνθαροί
982 3767 1016 3806 τε
1038 3748 1093 3807 καὶ
1113 3743 1287 3826 λαβρώνιοι

247 3861 302 3921 καὶ
322 3857 480 3921 λεπασταὶ
500 3864 555 3922 καὶ
575 3862 637 3926 τῶν
658 3859 854 3943 ἐκπωμάτων
871 3860 941 3943 εἴδη
951 3857 991 3924 τοὶ
1001 3859 1111 3944 μύρια·
1129 3865 1287 3945 ψυκτῆρές

116 4058 117 4062 ¹
248 3999 281 4039 τε
303 3973 357 4039 ἐπὶ
378 3973 496 4052 τούτοις
517 3981 574 4040 καί
592 3977 747 4060 οίνοχόαι.
792 3978 855 4040 Νεο
877 3984 976 4040 tamen
994 3980 1111 4042 videtur
1133 3980 1183 4038 illo
1206 3984 1285 4039 tem·

247 4111 320 4172 pora
342 4094 500 4156 admodum
524 4095 651 4173 vulgaria
674 4095 766 4158 luisse
789 4114 872 4176 usus,
899 4114 966 4158 nam
988 4116 1079 4176 quum
1099 4095 1287 4175 Phylarchus
