2902 4704
800 285 864 351 lm

720 375 946 386 —u—-q———u

794 491 817 561 9
851 486 878 549 l.

514 615 563 681 De
585 613 663 681 rasis
685 610 800 704 quibos
822 610 995 680 tunduntur
1016 613 1162 705 liquores.

751 805 781 870 1.
824 809 923 884 Χοῦς

317 983 374 1026 non
396 969 478 1026 extat
500 963 577 1042 apud
598 961 747 1023 Pollucem
763 961 827 1041 (Vi,
841 957 893 1034 19)
917 962 946 1021 in
969 962 1193 1024 enumeratione
1215 981 1352 1025 vasorum
1433 975 1435 996 ²

316 1081 427 1163 quibus
435 1083 572 1145 hauritur
580 1084 696 1144 vinum:
710 1075 854 1164 ἄροστήρ,
867 1075 1040 1164 ἅρύσοιχος,
1048 1076 1174 1162 ἔφηβος,
1187 1079 1351 1166 οἶνήροσις,

1433 859 1435 970 i

315 1202 436 1285 κοτύλη,
458 1199 600 1286 λεπαστή
620 1201 704 1279 (quae
717 1217 775 1259 non
797 1198 856 1259 hue
878 1197 1035 1278 pertinet),
1058 1196 1195 1281 οῑνοχόη,
1218 1197 1351 1274 κύαθος,
1433 1199 1435 1284 ζ

315 1320 368 1380 sed
391 1321 513 1398 ponitur
529 1320 685 1378 interrasa
699 1317 807 1395 quibus
829 1321 965 1378 servatur
986 1317 1088 1376 vinum
1105 1311 1244 1395 (unit),
1289 1317 1352 1377 Ma·

315 1437 425 1498 inimus
448 1454 502 1496 nos
518 1440 617 1498 tamen
639 1436 698 1496 huo
720 1434 832 1498 reterre
853 1438 885 1496 et
907 1438 1028 1514 propter
1050 1451 1156 1497 nomen
1177 1443 1210 1495 et
1229 1431 1351 1513 propter

316 1571 414 1635 usum,
437 1555 577 1632 quoniam
599 1553 733 1616 tunditur
754 1554 823 1614 inde
845 1554 875 1614 io
897 1555 960 1633 ipsa
982 1552 1108 1631 pocula3
1130 1553 1181 1614 iiis
1201 1556 1351 1631 magnitu-

315 1673 415 1734 dinem
436 1676 589 1751 spectasse
609 1673 736 1735 rtdetur.
791 1671 891 1750 Atque
917 1690 1040 1750 magnos
1067 1670 1161 1733 inisse
1182 1665 1256 1746 τοὺς
1275 1669 1351 1753 χόας

315 1789 384 1851 inde
406 1794 499 1870 patet,
521 1790 704 1868 quodetiam
720 1807 889 1852 mensuram
907 1790 1017 1856 indicat
1039 1789 1103 1852 heo
1124 1807 1191 1870 vox,
1213 1791 1351 1866 congium

316 1907 507 1986 Latinorum,
540 1927 593 1970 sex
623 1908 771 1970 sextarios
799 1907 981 1989 eapientem3
1014 1925 1195 1986 quamquam
1222 1909 1351 1986 graviter

313 2027 469 2103 erraverit,
492 2027 518 2086 si
540 2027 609 2104 quis
631 2044 665 2086 ea
687 2042 768 2106 rasa,
791 2043 918 2104 quonum
941 2029 1060 2088 nomino
1081 2043 1252 2088 mensuram
1275 2025 1349 2086 indi-

214 2203 218 2210 .
315 2149 400 2222 cant,
433 2161 552 2222 semper
572 2144 705 2208 eiusdem
728 2145 940 2222 magnitudinis
967 2143 1058 2208 tuisse
1089 2145 1251 2222 putaverit.
1296 2142 1350 2202 Fe-

315 2267 396 2328 serat
417 2263 508 2327 etiam
529 2265 685 2340 poetarum
707 2261 815 2340 aliquis
837 2263 1017 2326 mentionem
1036 2263 1111 2342 χοὸς
1128 2259 1278 2339 rosamo,
1300 2261 1349 2341 qni

314 2379 436 2442 Suidnm
464 2381 494 2443 ia
523 2396 593 2442 eum
613 2397 747 2446 errorem
769 2380 901 2459 induxit,
934 2383 968 2443 ut
988 2380 1024 2442 ad
1047 2397 1083 2441 en
1104 2379 1192 2440 verba
1215 2384 1349 2443 notaret:

313 2498 388 2580 χοῦς
407 2493 471 2580 γὰρ
493 2496 550 2564 ddo
570 2501 692 2578 ξέσοοι,
711 2492 803 2579 xoeos
824 2494 862 2561 dt
882 2499 929 2576 ἐξ,
962 2515 1029 2576 que
1049 2499 1200 2559 distinctio
1223 2513 1348 2575 prorsus

315 2617 400 2680 nihili
422 2622 482 2697 est;
514 2619 586 2696 quio
615 2619 705 2680 etiam
728 2617 902 2682 nominativi
923 2615 1018 2678 torma
1037 2614 1129 2696 χοεύς
1149 2616 1349 2694 grammaticis

314 2735 387 2812 ipsis
408 2735 509 2798 deberi
534 2736 659 2800 ridetur.

397 2853 485 2927 Χοῠς
505 2855 603 2914 maior
623 2859 705 2934 erat,
738 2871 908 2933 quamquo
930 2871 967 2914 es
987 2855 1102 2914 cratera
1124 2853 1224 2914 vinum
1246 2851 1348 2914 hauri-

315 2972 414 3031 retur:
441 2969 471 3032 io
493 2969 541 3032 tris
562 2971 635 3049 ipsis
657 2973 757 3036 urreis
778 2971 1002 3051 temperabatur
1022 2971 1133 3036 vinum.
1167 2971 1202 3032 V.
1216 2969 1350 3032 Eubulus

313 3104 361 3166 ap.
383 3086 454 3151 Ath.
476 3087 532 3163 xi,
554 3083 629 3169 473,
651 3103 684 3152 e:

397 3203 533 3287 κεράσαι
553 3204 704 3283 κολούσας
724 3204 780 3272 rdv
800 3206 950 3299 οοὶπηλόν
970 3230 1027 3291 μοι
1045 3205 1109 3289 χόα

397 3318 523 3404 ὀβολοῦ,
544 3327 751 3406 nupserunt
771 3321 809 3392 θ’
828 3321 871 3401 ὥς
890 3329 1039 3408 μέγιστον
1060 3323 1243 3409 κάνθαρον.

312 3439 453 3519 idemque
474 3441 540 3506 fieri
561 3443 680 3508 videtur
701 3443 779 3522 apud
802 3444 1034 3523 Aristophanem
1057 3445 1086 3506 in
1105 3443 1236 3505 Acharo.
1255 3439 1347 3504 1068.

311 3560 411 3637 Atque
433 3559 509 3624 hanc
530 3579 650 3624 causam
672 3561 833 3648 atterebant
854 3561 968 3639 Graeci,
1001 3581 1055 3624 cor
1082 3561 1158 3623 alter
1185 3563 1346 3626 Antheste-

312 3678 425 3741 riorum
447 3679 511 3742 dies
537 3679 625 3754 Χόες
652 3680 750 3742 dietus
777 3685 876 3756 esset,
909 3678 1039 3743 Oresten
1069 3680 1223 3742 interiecta
1251 3685 1346 3742 matre
1431 3743 1432 3748 ,

310 3793 582 3878 Athenusreoisse‚
606 3796 756 3861 Pandione
775 3817 845 3876 rege
857 3817 950 3878 quum
967 3801 1094 3860 maxime
1106 3797 1212 3860 Lenaea
1224 3803 1346 3878 agente3

311 3911 363 3987 qui
385 3929 477 3988 quum
499 3931 596 3993 neque
616 3919 758 3978 miserum
780 3917 897 3978 exulem
914 3917 1169 3996 repelles-evellet,
1193 3935 1290 3996 neque
1309 3935 1344 3976 er

310 4029 414 4092 eadem
436 4029 537 4094 bibere
553 4037 664 4093 cratera
678 4053 745 4098 eum
759 4053 806 4114 eo,
829 4037 880 4114 qui
893 4041 1016 4098 matrem
1028 4035 1237 4114 interfecisset,
1258 4053 1344 4096 suum

310 4147 418 4224 cuique
430 4150 560 4207 convivas
570 4148 632 4228 χόα
643 4155 751 4230 apponi
764 4155 888 4213 iussisse
896 4159 939 4226 (v.
953 4153 1094 4214 Schotad
1108 4149 1341 4225 somnust).
