<?xml version="1.0" encoding="UTF-8"?>
<!DOCTYPE html PUBLIC "-//W3C//DTD XHTML 1.0 Transitional//EN"
    "http://www.w3.org/TR/xhtml1/DTD/xhtml1-transitional.dtd">
<html xmlns="http://www.w3.org/1999/xhtml" xml:lang="en" lang="en">
 <head>
  <title>
</title>
<meta http-equiv="Content-Type" content="text/html;charset=utf-8" />
  <meta name='ocr-system' content='tesseract 3.04.00' />
  <meta name='ocr-capabilities' content='ocr_page ocr_carea ocr_par ocr_line ocrx_word'/>
</head>
<body>
  <div class='ocr_page' id='page_1' title='image "./denominibusvaso00ussigoog_0016.png"; bbox 0 0 2906 4716; ppageno 0'>
   <div class='ocr_carea' id='block_1_1' title="bbox 640 243 663 308">
    <p class='ocr_par' dir='ltr' id='par_1_1' title="bbox 640 243 663 308">
     <span class='ocr_line' id='line_1_1' title="bbox 640 243 663 308; baseline 0 0"><span class='ocrx_word' id='word_1_1' title='bbox 640 243 663 308; x_wconf 89' lang='grc'>9</span> 
     </span>
    </p>
   </div>
   <div class='ocr_carea' id='block_1_2' title="bbox 130 415 1190 1713">
    <p class='ocr_par' dir='ltr' id='par_1_2' title="bbox 130 415 1190 1596">
     <span class='ocr_line' id='line_1_2' title="bbox 132 415 1174 530; baseline -0.003 -18"><span class='ocrx_word' id='word_1_2' title='bbox 132 453 287 514; x_wconf 82' lang='lat' dir='ltr'><strong>vientiunn</strong></span> <span class='ocrx_word' id='word_1_3' title='bbox 331 447 434 524; x_wconf 74' lang='lat' dir='ltr'><strong>Patet,</strong></span> <span class='ocrx_word' id='word_1_4' title='bbox 457 465 516 510; x_wconf 89' lang='lat' dir='ltr'><strong>nnn</strong></span> <span class='ocrx_word' id='word_1_5' title='bbox 537 448 709 526; x_wconf 75' lang='lat' dir='ltr'><strong>singulatim</strong></span> <span class='ocrx_word' id='word_1_6' title='bbox 731 415 866 512; x_wconf 81' lang='lat' dir='ltr'><strong>contente</strong></span> <span class='ocrx_word' id='word_1_7' title='bbox 888 465 971 530; x_wconf 86' lang='lat' dir='ltr'><strong>erse,</strong></span> <span class='ocrx_word' id='word_1_8' title='bbox 994 465 1048 510; x_wconf 91' lang='lat' dir='ltr'><strong>nec</strong></span> <span class='ocrx_word' id='word_1_9' title='bbox 1070 450 1174 528; x_wconf 77' lang='lat' dir='ltr'><strong>singn-</strong></span> 
     </span>
     <span class='ocr_line' id='line_1_3' title="bbox 131 566 1173 650; baseline -0.002 -20"><span class='ocrx_word' id='word_1_10' title='bbox 131 569 229 630; x_wconf 88' lang='lat' dir='ltr'><strong>torum</strong></span> <span class='ocrx_word' id='word_1_11' title='bbox 252 570 285 630; x_wconf 94' lang='lat' dir='ltr'><strong>in</strong></span> <span class='ocrx_word' id='word_1_12' title='bbox 305 583 412 650; x_wconf 63' lang='lat' dir='ltr'><strong>usum,</strong></span> <span class='ocrx_word' id='word_1_13' title='bbox 447 571 480 628; x_wconf 91' lang='lat' dir='ltr'><strong>ut</strong></span> <span class='ocrx_word' id='word_1_14' title='bbox 508 584 543 627; x_wconf 87' lang='lat' dir='ltr'><strong>en</strong></span> <span class='ocrx_word' id='word_1_15' title='bbox 571 566 698 640; x_wconf 54' lang='lat' dir='ltr'><strong>demum,</strong></span> <span class='ocrx_word' id='word_1_16' title='bbox 713 567 833 628; x_wconf 82' lang='lat' dir='ltr'><strong>nomine</strong></span> <span class='ocrx_word' id='word_1_17' title='bbox 855 567 1105 648; x_wconf 75' lang='lat' dir='ltr'><strong>inscriberentur,</strong></span> <span class='ocrx_word' id='word_1_18' title='bbox 1138 586 1173 630; x_wconf 76' lang='lat' dir='ltr'><strong>en</strong></span> 
     </span>
     <span class='ocr_line' id='line_1_4' title="bbox 130 684 1190 766; baseline 0 -18"><span class='ocrx_word' id='word_1_19' title='bbox 130 687 253 748; x_wconf 90' lang='lat' dir='ltr'><strong>demum</strong></span> <span class='ocrx_word' id='word_1_20' title='bbox 282 689 457 766; x_wconf 76' lang='lat' dir='ltr'><strong>argumente</strong></span> <span class='ocrx_word' id='word_1_21' title='bbox 487 685 697 764; x_wconf 81' lang='lat' dir='ltr'><strong>pingerentur,</strong></span> <span class='ocrx_word' id='word_1_22' title='bbox 730 701 798 763; x_wconf 78' lang='lat' dir='ltr'><strong>que</strong></span> <span class='ocrx_word' id='word_1_23' title='bbox 830 684 1014 763; x_wconf 80' lang='lat' dir='ltr'><strong>postutesset</strong></span> <span class='ocrx_word' id='word_1_24' title='bbox 1045 688 1088 763; x_wconf 82' lang='lat' dir='ltr'><strong>is,</strong></span> <span class='ocrx_word' id='word_1_25' title='bbox 1121 688 1190 766; x_wconf 89' lang='lat' dir='ltr'><strong>qui·</strong></span> 
     </span>
     <span class='ocr_line' id='line_1_5' title="bbox 131 801 1174 883; baseline 0 -17"><span class='ocrx_word' id='word_1_26' title='bbox 131 805 255 868; x_wconf 81' lang='lat' dir='ltr'><strong>delicies</strong></span> <span class='ocrx_word' id='word_1_27' title='bbox 272 821 344 866; x_wconf 83' lang='lat' dir='ltr'><strong>suns</strong></span> <span class='ocrx_word' id='word_1_28' title='bbox 365 807 450 882; x_wconf 77' lang='lat' dir='ltr'><strong>grato</strong></span> <span class='ocrx_word' id='word_1_29' title='bbox 470 801 650 865; x_wconf 82' lang='lat' dir='ltr'><strong>munusculo</strong></span> <span class='ocrx_word' id='word_1_30' title='bbox 669 802 758 864; x_wconf 86' lang='lat' dir='ltr'><strong>benre</strong></span> <span class='ocrx_word' id='word_1_31' title='bbox 778 804 878 870; x_wconf 81' lang='lat' dir='ltr'><strong>veltet.</strong></span> <span class='ocrx_word' id='word_1_32' title='bbox 912 803 1001 883; x_wconf 86' lang='lat' dir='ltr'><strong>Quod</strong></span> <span class='ocrx_word' id='word_1_33' title='bbox 1023 809 1057 866; x_wconf 94' lang='lat' dir='ltr'><strong>ut</strong></span> <span class='ocrx_word' id='word_1_34' title='bbox 1079 807 1174 866; x_wconf 90' lang='lat' dir='ltr'><strong>inter·</strong></span> 
     </span>
     <span class='ocr_line' id='line_1_6' title="bbox 130 922 1174 1004; baseline -0.002 -18"><span class='ocrx_word' id='word_1_35' title='bbox 130 923 202 986; x_wconf 82' lang='lat' dir='ltr'><strong>dnm</strong></span> <span class='ocrx_word' id='word_1_36' title='bbox 224 923 295 984; x_wconf 86' lang='lat' dir='ltr'><strong>fieri</strong></span> <span class='ocrx_word' id='word_1_37' title='bbox 317 924 450 1002; x_wconf 85' lang='lat' dir='ltr'><strong>potuisse</strong></span> <span class='ocrx_word' id='word_1_38' title='bbox 472 922 593 982; x_wconf 83' lang='lat' dir='ltr'><strong>minime</strong></span> <span class='ocrx_word' id='word_1_39' title='bbox 615 939 773 1004; x_wconf 79' lang='lat' dir='ltr'><strong>negemus,</strong></span> <span class='ocrx_word' id='word_1_40' title='bbox 801 923 843 983; x_wconf 77' lang='lat' dir='ltr'><strong>ite</strong></span> <span class='ocrx_word' id='word_1_41' title='bbox 863 922 952 1002; x_wconf 80' lang='lat' dir='ltr'><strong>vulgo</strong></span> <span class='ocrx_word' id='word_1_42' title='bbox 974 922 1085 986; x_wconf 85' lang='lat' dir='ltr'><strong>inctnrn</strong></span> <span class='ocrx_word' id='word_1_43' title='bbox 1106 939 1174 984; x_wconf 88' lang='lat' dir='ltr'><strong>esse</strong></span> 
     </span>
     <span class='ocr_line' id='line_1_7' title="bbox 131 1039 1173 1122; baseline 0.002 -20"><span class='ocrx_word' id='word_1_44' title='bbox 131 1059 190 1103; x_wconf 87' lang='lat' dir='ltr'><strong>non</strong></span> <span class='ocrx_word' id='word_1_45' title='bbox 213 1046 326 1121; x_wconf 84' lang='lat' dir='ltr'><strong>potest.</strong></span> <span class='ocrx_word' id='word_1_46' title='bbox 379 1039 542 1102; x_wconf 81' lang='lat' dir='ltr'><strong>Prndibnnt</strong></span> <span class='ocrx_word' id='word_1_47' title='bbox 570 1040 689 1102; x_wconf 81' lang='lat' dir='ltr'><strong>rescuin</strong></span> <span class='ocrx_word' id='word_1_48' title='bbox 718 1059 756 1102; x_wconf 85' lang='lat' dir='ltr'><strong>ex</strong></span> <span class='ocrx_word' id='word_1_49' title='bbox 784 1040 903 1104; x_wconf 80' lang='lat' dir='ltr'><strong>otiicina</strong></span> <span class='ocrx_word' id='word_1_50' title='bbox 929 1040 1013 1120; x_wconf 78' lang='lat' dir='ltr'><strong>figuti</strong></span> <span class='ocrx_word' id='word_1_51' title='bbox 1040 1043 1120 1122; x_wconf 79' lang='lat' dir='ltr'><strong>pieta</strong></span> <span class='ocrx_word' id='word_1_52' title='bbox 1140 1045 1173 1104; x_wconf 91' lang='lat' dir='ltr'><strong>et</strong></span> 
     </span>
     <span class='ocr_line' id='line_1_8' title="bbox 132 1158 1173 1246; baseline -0.004 -20"><span class='ocrx_word' id='word_1_53' title='bbox 132 1161 296 1240; x_wconf 72' lang='lat' dir='ltr'><strong>inscripta,</strong></span> <span class='ocrx_word' id='word_1_54' title='bbox 329 1161 443 1220; x_wconf 88' lang='lat' dir='ltr'><strong>incerto</strong></span> <span class='ocrx_word' id='word_1_55' title='bbox 471 1158 586 1246; x_wconf 69' lang='lat' dir='ltr'><strong>cubuc,</strong></span> <span class='ocrx_word' id='word_1_56' title='bbox 627 1161 657 1220; x_wconf 92' lang='lat' dir='ltr'><strong>in</strong></span> <span class='ocrx_word' id='word_1_57' title='bbox 687 1161 773 1221; x_wconf 88' lang='lat' dir='ltr'><strong>cuius</strong></span> <span class='ocrx_word' id='word_1_58' title='bbox 800 1161 1020 1239; x_wconf 80' lang='lat' dir='ltr'><strong>possessionem</strong></span> <span class='ocrx_word' id='word_1_59' title='bbox 1047 1164 1173 1222; x_wconf 80' lang='lat' dir='ltr'><strong>venture</strong></span> 
     </span>
     <span class='ocr_line' id='line_1_9' title="bbox 132 1275 1173 1360; baseline -0.002 -20"><span class='ocrx_word' id='word_1_60' title='bbox 132 1283 249 1360; x_wconf 79' lang='lat' dir='ltr'><strong>essent3</strong></span> <span class='ocrx_word' id='word_1_61' title='bbox 284 1277 457 1358; x_wconf 81' lang='lat' dir='ltr'><strong>prnrtnbnnt</strong></span> <span class='ocrx_word' id='word_1_62' title='bbox 478 1278 508 1338; x_wconf 94' lang='lat' dir='ltr'><strong>in</strong></span> <span class='ocrx_word' id='word_1_63' title='bbox 532 1275 596 1339; x_wconf 87' lang='lat' dir='ltr'><strong>toro</strong></span> <span class='ocrx_word' id='word_1_64' title='bbox 619 1281 679 1338; x_wconf 80' lang='lat' dir='ltr'><strong>tem</strong></span> <span class='ocrx_word' id='word_1_65' title='bbox 701 1295 826 1340; x_wconf 86' lang='lat' dir='ltr'><strong>numero</strong></span> <span class='ocrx_word' id='word_1_66' title='bbox 847 1277 940 1340; x_wconf 82' lang='lat' dir='ltr'><strong>multe</strong></span> <span class='ocrx_word' id='word_1_67' title='bbox 962 1295 1052 1357; x_wconf 84' lang='lat' dir='ltr'><strong>quem</strong></span> <span class='ocrx_word' id='word_1_68' title='bbox 1073 1277 1173 1358; x_wconf 87' lang='lat' dir='ltr'><strong>specie</strong></span> 
     </span>
     <span class='ocr_line' id='line_1_10' title="bbox 132 1381 1174 1482; baseline 0.002 -24"><span class='ocrx_word' id='word_1_69' title='bbox 132 1398 225 1474; x_wconf 78' lang='lat' dir='ltr'><strong>neris,</strong></span> <span class='ocrx_word' id='word_1_70' title='bbox 249 1397 328 1460; x_wconf 87' lang='lat' dir='ltr'><strong>etsi</strong></span> <span class='ocrx_word' id='word_1_71' title='bbox 349 1397 399 1482; x_wconf 82' lang='lat' dir='ltr'><strong>cui</strong></span> <span class='ocrx_word' id='word_1_72' title='bbox 420 1400 522 1476; x_wconf 87' lang='lat' dir='ltr'><strong>nptnrn</strong></span> <span class='ocrx_word' id='word_1_73' title='bbox 545 1413 652 1458; x_wconf 89' lang='lat' dir='ltr'><strong>nomen</strong></span> <span class='ocrx_word' id='word_1_74' title='bbox 672 1400 726 1458; x_wconf 80' lang='lat' dir='ltr'><strong>ent</strong></span> <span class='ocrx_word' id='word_1_75' title='bbox 740 1381 899 1476; x_wconf 75' lang='lat' dir='ltr'><strong>innnginem</strong></span> <span class='ocrx_word' id='word_1_76' title='bbox 912 1397 1078 1477; x_wconf 70' lang='lat' dir='ltr'><strong>appositam</strong></span> <span class='ocrx_word' id='word_1_77' title='bbox 1090 1415 1174 1478; x_wconf 76' lang='lat' dir='ltr'><strong>que-</strong></span> 
     </span>
     <span class='ocr_line' id='line_1_11' title="bbox 133 1516 561 1596; baseline -0.002 -20"><span class='ocrx_word' id='word_1_78' title='bbox 133 1533 199 1576; x_wconf 87' lang='lat' dir='ltr'><strong>rere</strong></span> <span class='ocrx_word' id='word_1_79' title='bbox 221 1516 361 1596; x_wconf 74' lang='lat' dir='ltr'><strong>libuerit,</strong></span> <span class='ocrx_word' id='word_1_80' title='bbox 383 1516 465 1596; x_wconf 87' lang='lat' dir='ltr'><strong>optio</strong></span> <span class='ocrx_word' id='word_1_81' title='bbox 488 1519 561 1576; x_wconf 82' lang='lat' dir='ltr'><strong>eret.</strong></span> 
     </span>
    </p>

    <p class='ocr_par' dir='ltr' id='par_1_3' title="bbox 217 1631 1173 1713">
     <span class='ocr_line' id='line_1_12' title="bbox 217 1631 1173 1713; baseline 0 -19"><span class='ocrx_word' id='word_1_82' title='bbox 217 1632 290 1696; x_wconf 89' lang='lat' dir='ltr'><strong>Nec</strong></span> <span class='ocrx_word' id='word_1_83' title='bbox 308 1633 388 1696; x_wconf 89' lang='lat' dir='ltr'><strong>niiud</strong></span> <span class='ocrx_word' id='word_1_84' title='bbox 416 1653 453 1696; x_wconf 87' lang='lat' dir='ltr'><strong>ex</strong></span> <span class='ocrx_word' id='word_1_85' title='bbox 479 1635 557 1702; x_wconf 80' lang='lat' dir='ltr'><strong>vasis</strong></span> <span class='ocrx_word' id='word_1_86' title='bbox 585 1633 658 1713; x_wconf 85' lang='lat' dir='ltr'><strong>ipsis</strong></span> <span class='ocrx_word' id='word_1_87' title='bbox 681 1632 818 1697; x_wconf 86' lang='lat' dir='ltr'><strong>efficitur.</strong></span> <span class='ocrx_word' id='word_1_88' title='bbox 862 1631 1022 1695; x_wconf 72' lang='lat' dir='ltr'><strong>Videamus</strong></span> <span class='ocrx_word' id='word_1_89' title='bbox 1043 1633 1173 1713; x_wconf 83' lang='lat' dir='ltr'><strong>primum</strong></span> 
     </span>
    </p>
   </div>
   <div class='ocr_carea' id='block_1_3' title="bbox 19 1749 1239 2340">
    <p class='ocr_par' dir='ltr' id='par_1_4' title="bbox 19 1749 1239 2340">
     <span class='ocr_line' id='line_1_13' title="bbox 20 1749 1172 1828; baseline 0.005 -18"><span class='ocrx_word' id='word_1_90' title='bbox 20 1777 22 1802; x_wconf 65' lang='lat' dir='ltr'><strong>i</strong></span> <span class='ocrx_word' id='word_1_91' title='bbox 134 1749 250 1816; x_wconf 76' lang='lat' dir='ltr'><strong>litteren</strong></span> <span class='ocrx_word' id='word_1_92' title='bbox 283 1757 315 1814; x_wconf 88' lang='lat' dir='ltr'><strong>et</strong></span> <span class='ocrx_word' id='word_1_93' title='bbox 350 1753 477 1814; x_wconf 79' lang='lat' dir='ltr'><strong>menime</strong></span> <span class='ocrx_word' id='word_1_94' title='bbox 510 1752 698 1814; x_wconf 77' lang='lat' dir='ltr'><strong>decantatum</strong></span> <span class='ocrx_word' id='word_1_95' title='bbox 728 1751 801 1812; x_wconf 86' lang='lat' dir='ltr'><strong>iilud</strong></span> <span class='ocrx_word' id='word_1_96' title='bbox 830 1751 1005 1813; x_wconf 72' lang='lat' dir='ltr'><strong>vccabulum</strong></span> <span class='ocrx_word' id='word_1_97' title='bbox 1038 1749 1172 1828; x_wconf 76' lang='grc' dir='ltr'><strong><em>καλός.</em></strong></span> 
     </span>
     <span class='ocr_line' id='line_1_14' title="bbox 20 1865 1172 1960; baseline 0.005 -32"><span class='ocrx_word' id='word_1_98' title='bbox 20 1951 21 1960; x_wconf 14' lang='lat'>¹</span> <span class='ocrx_word' id='word_1_99' title='bbox 136 1867 281 1932; x_wconf 81' lang='lat' dir='ltr'><strong>Novimus</strong></span> <span class='ocrx_word' id='word_1_100' title='bbox 303 1869 520 1944; x_wconf 76' lang='lat' dir='ltr'><strong>Athenienses,</strong></span> <span class='ocrx_word' id='word_1_101' title='bbox 553 1869 662 1949; x_wconf 89' lang='lat' dir='ltr'><strong>quibus</strong></span> <span class='ocrx_word' id='word_1_102' title='bbox 689 1869 763 1930; x_wconf 90' lang='lat' dir='ltr'><strong>nutii</strong></span> <span class='ocrx_word' id='word_1_103' title='bbox 791 1885 922 1948; x_wconf 83' lang='lat' dir='ltr'><strong>unqnnm</strong></span> <span class='ocrx_word' id='word_1_104' title='bbox 950 1870 1045 1946; x_wconf 78' lang='lat' dir='ltr'><strong>magis</strong></span> <span class='ocrx_word' id='word_1_105' title='bbox 1073 1865 1172 1952; x_wconf 75' lang='grc' dir='ltr'><strong><em>φιλό-</em></strong></span> 
     </span>
     <span class='ocr_line' id='line_1_15' title="bbox 135 1985 1174 2068; baseline -0.006 -14"><span class='ocrx_word' id='word_1_106' title='bbox 135 1987 243 2063; x_wconf 63' lang='lat' dir='ltr'><strong>mni,</strong></span> <span class='ocrx_word' id='word_1_107' title='bbox 269 1987 374 2050; x_wconf 87' lang='lat' dir='ltr'><strong>solitos</strong></span> <span class='ocrx_word' id='word_1_108' title='bbox 396 2003 481 2066; x_wconf 79' lang='lat' dir='ltr'><strong>esse,</strong></span> <span class='ocrx_word' id='word_1_109' title='bbox 510 2007 615 2050; x_wconf 88' lang='lat' dir='ltr'><strong>eorum</strong></span> <span class='ocrx_word' id='word_1_110' title='bbox 637 1989 772 2068; x_wconf 78' lang='lat' dir='ltr'><strong>nomine,</strong></span> <span class='ocrx_word' id='word_1_111' title='bbox 800 2005 875 2066; x_wconf 87' lang='lat' dir='ltr'><strong>qnos</strong></span> <span class='ocrx_word' id='word_1_112' title='bbox 897 1991 1045 2065; x_wconf 75' lang='lat' dir='ltr'><strong>emerent,</strong></span> <span class='ocrx_word' id='word_1_113' title='bbox 1072 1985 1174 2048; x_wconf 80' lang='lat' dir='ltr'><strong>addite</strong></span> 
     </span>
     <span class='ocr_line' id='line_1_16' title="bbox 137 2105 1172 2186; baseline -0.002 -20"><span class='ocrx_word' id='word_1_114' title='bbox 137 2123 208 2168; x_wconf 85' lang='lat' dir='ltr'><strong>vnce</strong></span> <span class='ocrx_word' id='word_1_115' title='bbox 228 2105 338 2185; x_wconf 81' lang='grc' dir='ltr'><em>καλός,</em></span> <span class='ocrx_word' id='word_1_116' title='bbox 362 2108 392 2166; x_wconf 95' lang='lat' dir='ltr'><strong>in</strong></span> <span class='ocrx_word' id='word_1_117' title='bbox 413 2107 587 2186; x_wconf 84' lang='lat' dir='ltr'><strong>perietibus,</strong></span> <span class='ocrx_word' id='word_1_118' title='bbox 610 2106 770 2168; x_wconf 84' lang='lat' dir='ltr'><strong>corticibus</strong></span> <span class='ocrx_word' id='word_1_119' title='bbox 791 2105 943 2180; x_wconf 73' lang='lat' dir='ltr'><strong>arborum,</strong></span> <span class='ocrx_word' id='word_1_120' title='bbox 966 2107 1071 2184; x_wconf 84' lang='lat' dir='ltr'><strong>quovis</strong></span> <span class='ocrx_word' id='word_1_121' title='bbox 1085 2105 1172 2166; x_wconf 86' lang='lat' dir='ltr'><strong>deni·</strong></span> 
     </span>
     <span class='ocr_line' id='line_1_17' title="bbox 19 2217 1239 2340; baseline -0.002 -55"><span class='ocrx_word' id='word_1_122' title='bbox 19 2289 21 2340; x_wconf 75' lang='lat' dir='ltr'><strong>i</strong></span> <span class='ocrx_word' id='word_1_123' title='bbox 137 2241 197 2302; x_wconf 88' lang='lat' dir='ltr'><strong>que</strong></span> <span class='ocrx_word' id='word_1_124' title='bbox 218 2224 285 2286; x_wconf 88' lang='lat' dir='ltr'><strong>inco</strong></span> <span class='ocrx_word' id='word_1_125' title='bbox 307 2223 480 2286; x_wconf 83' lang='lat' dir='ltr'><strong>inscribere.</strong></span> <span class='ocrx_word' id='word_1_126' title='bbox 523 2223 629 2303; x_wconf 79' lang='lat' dir='ltr'><strong>itaque</strong></span> <span class='ocrx_word' id='word_1_127' title='bbox 651 2224 776 2287; x_wconf 77' lang='lat' dir='ltr'><strong>Sitalces</strong></span> <span class='ocrx_word' id='word_1_128' title='bbox 797 2224 875 2303; x_wconf 78' lang='lat' dir='ltr'><strong>apud</strong></span> <span class='ocrx_word' id='word_1_129' title='bbox 897 2223 950 2285; x_wconf 77' lang='lat' dir='ltr'><strong>br.</strong></span> <span class='ocrx_word' id='word_1_130' title='bbox 971 2223 1045 2285; x_wconf 75' lang='lat' dir='ltr'><strong>Acir.</strong></span> <span class='ocrx_word' id='word_1_131' title='bbox 1067 2241 1096 2285; x_wconf 84' lang='lat' dir='ltr'><strong>v.</strong></span> <span class='ocrx_word' id='word_1_132' title='bbox 1116 2217 1174 2282; x_wconf 79' lang='lat'><strong>144</strong></span> <span class='ocrx_word' id='word_1_133' title='bbox 1237 2219 1239 2224; x_wconf 82' lang='lat'>&#39;</span> 
     </span>
    </p>
   </div>
   <div class='ocr_carea' id='block_1_4' title="bbox 19 2337 1174 2546">
    <p class='ocr_par' dir='ltr' id='par_1_5' title="bbox 19 2337 1174 2546">
     <span class='ocr_line' id='line_1_18' title="bbox 19 2337 1173 2436; baseline -0.018 -14"><span class='ocrx_word' id='word_1_134' title='bbox 19 2369 20 2422; x_wconf 67' lang='lat' dir='ltr'><strong>i</strong></span> <span class='ocrx_word' id='word_1_135' title='bbox 136 2338 172 2406; x_wconf 73' lang='lat' dir='ltr'><strong>n</strong></span> <span class='ocrx_word' id='word_1_136' title='bbox 192 2352 273 2408; x_wconf 65' lang='lat' dir='ltr'><strong>roua</strong></span> <span class='ocrx_word' id='word_1_137' title='bbox 293 2345 409 2425; x_wconf 69' lang='lat' dir='ltr'><strong>wiron</strong></span> <span class='ocrx_word' id='word_1_138' title='bbox 430 2337 554 2426; x_wconf 71' lang='grc' dir='ltr'><strong>ἔγραφ’·</strong></span> <span class='ocrx_word' id='word_1_139' title='bbox 607 2337 791 2426; x_wconf 67' lang='grc' dir='ltr'><strong>Ἀθηναιοι</strong></span> <span class='ocrx_word' id='word_1_140' title='bbox 812 2341 922 2416; x_wconf 63' lang='lat' dir='ltr'><strong>narrt,</strong></span> <span class='ocrx_word' id='word_1_141' title='bbox 944 2346 987 2436; x_wconf 74' lang='lat' dir='ltr'><strong>¹n</strong></span> <span class='ocrx_word' id='word_1_142' title='bbox 1020 2339 1173 2401; x_wconf 73' lang='lat' dir='ltr'><strong>Philoclen</strong></span> 
     </span>
     <span class='ocr_line' id='line_1_19' title="bbox 19 2452 1174 2546; baseline -0.011 -15"><span class='ocrx_word' id='word_1_143' title='bbox 19 2493 20 2498; x_wconf 48' lang='lat'>¹</span> <span class='ocrx_word' id='word_1_144' title='bbox 138 2460 167 2520; x_wconf 72' lang='lat' dir='ltr'><strong>in</strong></span> <span class='ocrx_word' id='word_1_145' title='bbox 195 2461 287 2541; x_wconf 81' lang='lat' dir='ltr'><strong>Vesp.</strong></span> <span class='ocrx_word' id='word_1_146' title='bbox 316 2479 345 2524; x_wconf 82' lang='lat' dir='ltr'><strong>v.</strong></span> <span class='ocrx_word' id='word_1_147' title='bbox 368 2452 413 2522; x_wconf 77' lang='lat'><strong>98</strong></span> <span class='ocrx_word' id='word_1_148' title='bbox 437 2461 497 2522; x_wconf 89' lang='lat' dir='ltr'><strong>-ubi</strong></span> <span class='ocrx_word' id='word_1_149' title='bbox 522 2463 633 2546; x_wconf 72' lang='grc' dir='ltr'><strong><em>Δῆμος</em></strong></span> <span class='ocrx_word' id='word_1_150' title='bbox 660 2458 759 2534; x_wconf 78' lang='grc' dir='ltr'><strong><em>καλός</em></strong></span> <span class='ocrx_word' id='word_1_151' title='bbox 787 2461 957 2536; x_wconf 72' lang='lat' dir='ltr'><strong>invenerat,</strong></span> <span class='ocrx_word' id='word_1_152' title='bbox 989 2456 1174 2518; x_wconf 74' lang='lat' dir='ltr'><strong>adscribebat</strong></span> 
     </span>
    </p>
   </div>
   <div class='ocr_carea' id='block_1_5' title="bbox 138 2568 1176 4196">
    <p class='ocr_par' dir='ltr' id='par_1_6' title="bbox 138 2568 1176 4196">
     <span class='ocr_line' id='line_1_20' title="bbox 139 2568 1173 2661; baseline -0.004 -23"><span class='ocrx_word' id='word_1_153' title='bbox 139 2568 353 2661; x_wconf 71' lang='grc' dir='ltr'><strong><em>κημόςκαλόξ,</em></strong></span> <span class='ocrx_word' id='word_1_154' title='bbox 375 2597 403 2640; x_wconf 90' lang='lat' dir='ltr'><strong>v.</strong></span> <span class='ocrx_word' id='word_1_155' title='bbox 417 2579 523 2640; x_wconf 86' lang='lat' dir='ltr'><strong>Suidns</strong></span> <span class='ocrx_word' id='word_1_156' title='bbox 535 2596 561 2644; x_wconf 84' lang='lat' dir='ltr'><strong>s.</strong></span> <span class='ocrx_word' id='word_1_157' title='bbox 573 2598 600 2642; x_wconf 89' lang='lat' dir='ltr'><strong>v.</strong></span> <span class='ocrx_word' id='word_1_158' title='bbox 612 2577 717 2644; x_wconf 75' lang='lat' dir='ltr'><strong>traici.</strong></span> <span class='ocrx_word' id='word_1_159' title='bbox 760 2578 871 2642; x_wconf 79' lang='lat' dir='ltr'><strong>Eadem</strong></span> <span class='ocrx_word' id='word_1_160' title='bbox 893 2578 969 2638; x_wconf 88' lang='lat' dir='ltr'><strong>rntio</strong></span> <span class='ocrx_word' id='word_1_161' title='bbox 991 2579 1038 2636; x_wconf 87' lang='lat' dir='ltr'><strong>est</strong></span> <span class='ocrx_word' id='word_1_162' title='bbox 1058 2591 1173 2656; x_wconf 82' lang='lat' dir='ltr'><strong>eorum,</strong></span> 
     </span>
     <span class='ocr_line' id='line_1_21' title="bbox 139 2689 1174 2778; baseline 0.002 -21"><span class='ocrx_word' id='word_1_163' title='bbox 139 2713 204 2774; x_wconf 78' lang='lat' dir='ltr'><strong>que</strong></span> <span class='ocrx_word' id='word_1_164' title='bbox 225 2703 287 2760; x_wconf 77' lang='lat' dir='ltr'><strong>turn</strong></span> <span class='ocrx_word' id='word_1_165' title='bbox 309 2715 389 2778; x_wconf 81' lang='lat' dir='ltr'><strong>sepe</strong></span> <span class='ocrx_word' id='word_1_166' title='bbox 410 2699 440 2759; x_wconf 92' lang='lat' dir='ltr'><strong>in</strong></span> <span class='ocrx_word' id='word_1_167' title='bbox 462 2698 591 2760; x_wconf 73' lang='lat' dir='ltr'><strong>visentis</strong></span> <span class='ocrx_word' id='word_1_168' title='bbox 613 2698 770 2776; x_wconf 76' lang='lat' dir='ltr'><strong>reguntur,</strong></span> <span class='ocrx_word' id='word_1_169' title='bbox 798 2693 906 2771; x_wconf 77' lang='grc' dir='ltr'><strong><em>καλός,</em></strong></span> <span class='ocrx_word' id='word_1_170' title='bbox 927 2689 948 2760; x_wconf 85' lang='lat' dir='ltr'><strong>n‘</strong></span> <span class='ocrx_word' id='word_1_171' title='bbox 968 2703 1047 2770; x_wconf 74' lang='grc' dir='ltr'><strong><em>παῖς</em></strong></span> <span class='ocrx_word' id='word_1_172' title='bbox 1067 2690 1174 2770; x_wconf 81' lang='grc' dir='ltr'><strong><em>καλός,</em></strong></span> 
     </span>
     <span class='ocr_line' id='line_1_22' title="bbox 138 2809 1174 2900; baseline -0.007 -21"><span class='ocrx_word' id='word_1_173' title='bbox 138 2809 256 2897; x_wconf 66' lang='lat' dir='ltr'><strong>sinete</strong></span> <span class='ocrx_word' id='word_1_174' title='bbox 276 2815 372 2900; x_wconf 80' lang='grc' dir='ltr'><strong><em>καλή,</em></strong></span> <span class='ocrx_word' id='word_1_175' title='bbox 406 2819 458 2877; x_wconf 86' lang='lat' dir='ltr'><strong>eut</strong></span> <span class='ocrx_word' id='word_1_176' title='bbox 480 2816 561 2878; x_wconf 87' lang='lat' dir='ltr'><strong>nulio</strong></span> <span class='ocrx_word' id='word_1_177' title='bbox 584 2817 703 2876; x_wconf 88' lang='lat' dir='ltr'><strong>nomine</strong></span> <span class='ocrx_word' id='word_1_178' title='bbox 725 2815 890 2894; x_wconf 79' lang='lat' dir='ltr'><strong>adscripto,</strong></span> <span class='ocrx_word' id='word_1_179' title='bbox 922 2817 956 2876; x_wconf 90' lang='lat' dir='ltr'><strong>ut</strong></span> <span class='ocrx_word' id='word_1_180' title='bbox 983 2815 1012 2874; x_wconf 93' lang='lat' dir='ltr'><strong>in</strong></span> <span class='ocrx_word' id='word_1_181' title='bbox 1039 2813 1174 2892; x_wconf 83' lang='lat' dir='ltr'><strong>quemvis</strong></span> 
     </span>
     <span class='ocr_line' id='line_1_23' title="bbox 139 2927 1175 3013; baseline 0.004 -21"><span class='ocrx_word' id='word_1_182' title='bbox 139 2938 261 3010; x_wconf 83' lang='lat' dir='ltr'><strong>possent</strong></span> <span class='ocrx_word' id='word_1_183' title='bbox 273 2935 442 3013; x_wconf 79' lang='lat' dir='ltr'><strong>convenire,</strong></span> <span class='ocrx_word' id='word_1_184' title='bbox 464 2935 632 2996; x_wconf 75' lang='lat' dir='ltr'><strong>intendito</strong></span> <span class='ocrx_word' id='word_1_185' title='bbox 653 2938 736 2996; x_wconf 86' lang='lat' dir='ltr'><strong>certo</strong></span> <span class='ocrx_word' id='word_1_186' title='bbox 759 2934 889 3013; x_wconf 83' lang='lat' dir='ltr'><strong>nomine,</strong></span> <span class='ocrx_word' id='word_1_187' title='bbox 911 2927 930 2998; x_wconf 80' lang='grc' dir='ltr'>ὁ</span> <span class='ocrx_word' id='word_1_188' title='bbox 952 2930 1044 2996; x_wconf 72' lang='grc' dir='ltr'><strong><em>δεῖνα</em></strong></span> <span class='ocrx_word' id='word_1_189' title='bbox 1066 2930 1175 3006; x_wconf 78' lang='grc' dir='ltr'><strong><em>καλός.</em></strong></span> 
     </span>
     <span class='ocr_line' id='line_1_24' title="bbox 140 3044 1174 3131; baseline -0.001 -21"><span class='ocrx_word' id='word_1_190' title='bbox 140 3046 196 3112; x_wconf 88' lang='lat' dir='ltr'><strong>Sed</strong></span> <span class='ocrx_word' id='word_1_191' title='bbox 217 3054 307 3114; x_wconf 79' lang='lat' dir='ltr'><strong>etiem</strong></span> <span class='ocrx_word' id='word_1_192' title='bbox 328 3052 392 3114; x_wconf 82' lang='lat' dir='ltr'><strong>brec</strong></span> <span class='ocrx_word' id='word_1_193' title='bbox 414 3053 534 3114; x_wconf 76' lang='lat' dir='ltr'><strong>nomine</strong></span> <span class='ocrx_word' id='word_1_194' title='bbox 555 3057 668 3113; x_wconf 87' lang='lat' dir='ltr'><strong>temere</strong></span> <span class='ocrx_word' id='word_1_195' title='bbox 688 3057 805 3130; x_wconf 83' lang='lat' dir='ltr'><strong>crreptn</strong></span> <span class='ocrx_word' id='word_1_196' title='bbox 828 3068 905 3131; x_wconf 84' lang='lat' dir='ltr'><strong>esse,</strong></span> <span class='ocrx_word' id='word_1_197' title='bbox 927 3044 1174 3127; x_wconf 72' lang='lat' dir='ltr'><strong>nocenten‘vnsn,</strong></span> 
     </span>
     <span class='ocr_line' id='line_1_25' title="bbox 140 3165 1174 3251; baseline 0 -23"><span class='ocrx_word' id='word_1_198' title='bbox 140 3167 189 3230; x_wconf 95' lang='lat' dir='ltr'><strong>ubi</strong></span> <span class='ocrx_word' id='word_1_199' title='bbox 205 3170 306 3250; x_wconf 85' lang='lat' dir='ltr'><strong>plures</strong></span> <span class='ocrx_word' id='word_1_200' title='bbox 321 3169 508 3232; x_wconf 84' lang='lat' dir='ltr'><strong>celebrentur</strong></span> <span class='ocrx_word' id='word_1_201' title='bbox 520 3169 615 3234; x_wconf 71' lang='lat' dir='ltr'><strong>unici</strong></span> <span class='ocrx_word' id='word_1_202' title='bbox 629 3167 680 3251; x_wconf 88' lang='lat' dir='ltr'><strong>(ut</strong></span> <span class='ocrx_word' id='word_1_203' title='bbox 700 3165 867 3250; x_wconf 80' lang='grc' dir='ltr'><strong><em>Χαρμιδες</em></strong></span> <span class='ocrx_word' id='word_1_204' title='bbox 888 3165 987 3240; x_wconf 71' lang='lat' dir='ltr'><strong>ector</strong></span> <span class='ocrx_word' id='word_1_205' title='bbox 999 3170 1031 3226; x_wconf 88' lang='lat' dir='ltr'><strong>ct</strong></span> <span class='ocrx_word' id='word_1_206' title='bbox 1046 3170 1174 3240; x_wconf 74' lang='lat' dir='ltr'><strong>Tercrrrr</strong></span> 
     </span>
     <span class='ocr_line' id='line_1_26' title="bbox 142 3279 1175 3366; baseline 0.002 -20"><span class='ocrx_word' id='word_1_207' title='bbox 142 3286 238 3364; x_wconf 76' lang='grc' dir='ltr'><strong><em>καλος</em></strong></span> <span class='ocrx_word' id='word_1_208' title='bbox 258 3289 336 3366; x_wconf 84' lang='lat' dir='ltr'><strong>npud</strong></span> <span class='ocrx_word' id='word_1_209' title='bbox 358 3287 529 3366; x_wconf 79' lang='lat' dir='ltr'><strong>Mittingen:</strong></span> <span class='ocrx_word' id='word_1_210' title='bbox 565 3286 658 3350; x_wconf 88' lang='lat' dir='ltr'><strong>Uned.</strong></span> <span class='ocrx_word' id='word_1_211' title='bbox 680 3283 762 3348; x_wconf 81' lang='lat' dir='ltr'><strong>bion.</strong></span> <span class='ocrx_word' id='word_1_212' title='bbox 790 3281 826 3360; x_wconf 91' lang='lat' dir='ltr'><strong>l,</strong></span> <span class='ocrx_word' id='word_1_213' title='bbox 852 3279 906 3365; x_wconf 86' lang='lat'><strong>31,</strong></span> <span class='ocrx_word' id='word_1_214' title='bbox 935 3287 966 3344; x_wconf 85' lang='lat' dir='ltr'><strong>et</strong></span> <span class='ocrx_word' id='word_1_215' title='bbox 988 3282 1081 3344; x_wconf 78' lang='lat' dir='ltr'><strong>inulte</strong></span> <span class='ocrx_word' id='word_1_216' title='bbox 1108 3282 1175 3348; x_wconf 84' lang='lat' dir='ltr'><strong>niie.</strong></span> 
     </span>
     <span class='ocr_line' id='line_1_27' title="bbox 142 3387 1175 3485; baseline -0.004 -21"><span class='ocrx_word' id='word_1_217' title='bbox 142 3401 206 3467; x_wconf 87' lang='lat' dir='ltr'><strong>Vid.</strong></span> <span class='ocrx_word' id='word_1_218' title='bbox 235 3407 356 3468; x_wconf 87' lang='lat' dir='ltr'><strong>omnino</strong></span> <span class='ocrx_word' id='word_1_219' title='bbox 377 3404 520 3468; x_wconf 86' lang='lat' dir='ltr'><strong>Gerbnrd.</strong></span> <span class='ocrx_word' id='word_1_220' title='bbox 550 3405 645 3485; x_wconf 83' lang='lat' dir='ltr'><strong>Repp.</strong></span> <span class='ocrx_word' id='word_1_221' title='bbox 675 3423 706 3484; x_wconf 85' lang='lat' dir='ltr'><strong>p.</strong></span> <span class='ocrx_word' id='word_1_222' title='bbox 736 3397 780 3466; x_wconf 77' lang='lat'><strong>78</strong></span> <span class='ocrx_word' id='word_1_223' title='bbox 808 3401 902 3482; x_wconf 65' lang='lat' dir='ltr'><strong>equ).</strong></span> <span class='ocrx_word' id='word_1_224' title='bbox 950 3401 997 3463; x_wconf 85' lang='lat' dir='ltr'><strong>An</strong></span> <span class='ocrx_word' id='word_1_225' title='bbox 1023 3387 1175 3481; x_wconf 72' lang='lat' dir='ltr'><strong>putemus,</strong></span> 
     </span>
     <span class='ocr_line' id='line_1_28' title="bbox 142 3518 1175 3586; baseline -0.002 -6"><span class='ocrx_word' id='word_1_226' title='bbox 142 3537 232 3586; x_wconf 89' lang='lat' dir='ltr'><strong>unum</strong></span> <span class='ocrx_word' id='word_1_227' title='bbox 253 3541 305 3585; x_wconf 83' lang='lat' dir='ltr'><strong>ves</strong></span> <span class='ocrx_word' id='word_1_228' title='bbox 332 3523 447 3586; x_wconf 88' lang='lat' dir='ltr'><strong>duobus</strong></span> <span class='ocrx_word' id='word_1_229' title='bbox 475 3523 569 3586; x_wconf 85' lang='lat' dir='ltr'><strong>tuisse</strong></span> <span class='ocrx_word' id='word_1_230' title='bbox 597 3518 763 3585; x_wconf 81' lang='lat' dir='ltr'><strong>donetumi</strong></span> <span class='ocrx_word' id='word_1_231' title='bbox 806 3521 921 3584; x_wconf 85' lang='lat' dir='ltr'><strong>Docent</strong></span> <span class='ocrx_word' id='word_1_232' title='bbox 949 3521 1058 3582; x_wconf 76' lang='lat' dir='ltr'><strong>clarius</strong></span> <span class='ocrx_word' id='word_1_233' title='bbox 1085 3519 1175 3578; x_wconf 87' lang='lat' dir='ltr'><strong>etiem</strong></span> 
     </span>
     <span class='ocr_line' id='line_1_29' title="bbox 140 3636 1175 3723; baseline -0.003 -25"><span class='ocrx_word' id='word_1_234' title='bbox 140 3657 193 3723; x_wconf 83' lang='lat' dir='ltr'><strong>en,</strong></span> <span class='ocrx_word' id='word_1_235' title='bbox 232 3641 281 3704; x_wconf 91' lang='lat' dir='ltr'><strong>nbi</strong></span> <span class='ocrx_word' id='word_1_236' title='bbox 311 3643 454 3722; x_wconf 77' lang='lat' dir='ltr'><strong>inscripta</strong></span> <span class='ocrx_word' id='word_1_237' title='bbox 483 3643 601 3703; x_wconf 82' lang='lat' dir='ltr'><strong>nomine</strong></span> <span class='ocrx_word' id='word_1_238' title='bbox 629 3640 787 3702; x_wconf 78' lang='lat' dir='ltr'><strong>manifesto</strong></span> <span class='ocrx_word' id='word_1_239' title='bbox 815 3638 986 3700; x_wconf 80' lang='lat' dir='ltr'><strong>referuntur</strong></span> <span class='ocrx_word' id='word_1_240' title='bbox 1014 3637 1051 3696; x_wconf 90' lang='lat' dir='ltr'><strong>nd</strong></span> <span class='ocrx_word' id='word_1_241' title='bbox 1080 3636 1175 3713; x_wconf 81' lang='lat' dir='ltr'><strong>pictus</strong></span> 
     </span>
     <span class='ocr_line' id='line_1_30' title="bbox 142 3749 1175 3844; baseline -0.005 -25"><span class='ocrx_word' id='word_1_242' title='bbox 142 3755 251 3838; x_wconf 75' lang='lat' dir='ltr'><strong>flgnrns</strong></span> <span class='ocrx_word' id='word_1_243' title='bbox 272 3764 323 3835; x_wconf 86' lang='lat' dir='ltr'><strong>(ut</strong></span> <span class='ocrx_word' id='word_1_244' title='bbox 344 3765 468 3844; x_wconf 78' lang='grc' dir='ltr'><strong><em>Περσες</em></strong></span> <span class='ocrx_word' id='word_1_245' title='bbox 488 3749 600 3835; x_wconf 64' lang='lat' dir='ltr'><strong>nator,</strong></span> <span class='ocrx_word' id='word_1_246' title='bbox 627 3757 778 3842; x_wconf 77' lang='grc' dir='ltr'><strong><em>Κεφαλος</em></strong></span> <span class='ocrx_word' id='word_1_247' title='bbox 798 3755 911 3831; x_wconf 66' lang='lat' dir='ltr'><strong>unice,</strong></span> <span class='ocrx_word' id='word_1_248' title='bbox 945 3754 1089 3834; x_wconf 85' lang='lat' dir='ltr'><strong>imprimis</strong></span> <span class='ocrx_word' id='word_1_249' title='bbox 1112 3769 1175 3814; x_wconf 89' lang='lat' dir='ltr'><strong>me-</strong></span> 
     </span>
     <span class='ocr_line' id='line_1_31' title="bbox 142 3855 1175 3958; baseline -0.006 -19"><span class='ocrx_word' id='word_1_250' title='bbox 142 3878 281 3940; x_wconf 77' lang='lat' dir='ltr'><strong>morabile</strong></span> <span class='ocrx_word' id='word_1_251' title='bbox 310 3878 449 3958; x_wconf 84' lang='lat' dir='ltr'><strong>poculum</strong></span> <span class='ocrx_word' id='word_1_252' title='bbox 479 3897 526 3958; x_wconf 83' lang='lat' dir='ltr'><strong>sp.</strong></span> <span class='ocrx_word' id='word_1_253' title='bbox 554 3855 698 3940; x_wconf 86' lang='lat' dir='ltr'><strong>Gerbnrd.</strong></span> <span class='ocrx_word' id='word_1_254' title='bbox 731 3875 841 3937; x_wconf 81' lang='lat' dir='ltr'><strong>Antike</strong></span> <span class='ocrx_word' id='word_1_255' title='bbox 862 3871 1093 3936; x_wconf 82' lang='lat' dir='ltr'><strong>Trinlrscbnnien</strong></span> <span class='ocrx_word' id='word_1_256' title='bbox 1115 3870 1175 3933; x_wconf 88' lang='lat' dir='ltr'><strong>tnb.</strong></span> 
     </span>
     <span class='ocr_line' id='line_1_32' title="bbox 143 3989 1176 4076; baseline -0.008 -22"><span class='ocrx_word' id='word_1_257' title='bbox 143 3990 277 4076; x_wconf 79' lang='grc'>14-15,</span> <span class='ocrx_word' id='word_1_258' title='bbox 300 3995 351 4059; x_wconf 90' lang='lat' dir='ltr'><strong>nbi</strong></span> <span class='ocrx_word' id='word_1_259' title='bbox 373 3997 598 4076; x_wconf 79' lang='lat' dir='ltr'><strong>conspiciuntur</strong></span> <span class='ocrx_word' id='word_1_260' title='bbox 618 4012 671 4056; x_wconf 85' lang='lat' dir='ltr'><strong>sex</strong></span> <span class='ocrx_word' id='word_1_261' title='bbox 691 3995 747 4056; x_wconf 87' lang='lat' dir='ltr'><strong>viri</strong></span> <span class='ocrx_word' id='word_1_262' title='bbox 769 3998 800 4056; x_wconf 91' lang='lat' dir='ltr'><strong>et</strong></span> <span class='ocrx_word' id='word_1_263' title='bbox 815 4011 868 4056; x_wconf 86' lang='lat' dir='ltr'><strong>sex</strong></span> <span class='ocrx_word' id='word_1_264' title='bbox 884 3993 1034 4073; x_wconf 82' lang='lat' dir='ltr'><strong>mulieres,</strong></span> <span class='ocrx_word' id='word_1_265' title='bbox 1057 3989 1176 4065; x_wconf 83' lang='lat' dir='ltr'><strong>ittisque</strong></span> 
     </span>
     <span class='ocr_line' id='line_1_33' title="bbox 142 4105 1175 4196; baseline -0.011 -22"><span class='ocrx_word' id='word_1_266' title='bbox 142 4114 246 4192; x_wconf 57' lang='lat' dir='ltr'><strong>enine,</strong></span> <span class='ocrx_word' id='word_1_267' title='bbox 268 4115 316 4178; x_wconf 86' lang='lat' dir='ltr'><strong>bis</strong></span> <span class='ocrx_word' id='word_1_268' title='bbox 338 4113 421 4196; x_wconf 78' lang='grc' dir='ltr'><strong>καλη</strong></span> <span class='ocrx_word' id='word_1_269' title='bbox 446 4112 584 4176; x_wconf 85' lang='lat' dir='ltr'><strong>omnibus</strong></span> <span class='ocrx_word' id='word_1_270' title='bbox 606 4111 804 4188; x_wconf 78' lang='lat' dir='ltr'><strong>adscriptum)</strong></span> <span class='ocrx_word' id='word_1_271' title='bbox 846 4108 1035 4172; x_wconf 83' lang='lat' dir='ltr'><strong>Omnincbae</strong></span> <span class='ocrx_word' id='word_1_272' title='bbox 1051 4105 1175 4182; x_wconf 77' lang='lat' dir='ltr'><strong>inserip-</strong></span> 
     </span>
    </p>
   </div>
   <div class='ocr_carea' id='block_1_6' title="bbox 0 0 1469 4716">
    <p class='ocr_par' dir='ltr' id='par_1_7' title="bbox 0 0 1469 4716">
     <span class='ocr_line' id='line_1_34' title="bbox 0 0 1469 4716; baseline 0 0"><span class='ocrx_word' id='word_1_273' title='bbox 0 0 1469 4716; x_wconf 95' lang='lat' dir='ltr'><strong> </strong></span> 
     </span>
    </p>
   </div>
  </div>
 </body>
</html>
