2906 4716
772 263 817 330 62

678 354 911 366 ψ

280 471 458 534 Parisiansis
468 467 729 552 Ερίίοοιααίρας,
751 469 830 531 undo
848 465 887 554 do>
902 471 998 551 κέρας
1007 469 1142 532 leserunt
1156 469 1226 534 οδδ.
1237 471 1323 532 anti·

279 591 361 672 quao3
375 589 525 668 posterior
538 587 621 648 loe'us
636 589 665 647 in
678 587 818 666 Epitome
831 589 961 650 omissus
981 593 1038 650 est.
1069 587 1155 650 Falsa
1169 607 1237 650 esse
1249 607 1320 670 qun

277 707 367 784 vulgo
389 707 543 784 leguntur,
575 707 722 784 imprimis
749 706 855 785 probat
882 706 953 768 illud
981 705 1019 770 δὲ
1040 709 1073 768 ln
1092 708 1220 768 madiam
1240 713 1318 770 s'en-

277 827 400 887 tentiam
422 826 591 903 importune
613 824 742 906 illatum3
784 831 927 904 reeteque
953 827 1012 888 iam
1033 793 1195 886 llrarnerus
1216 827 1317 905 suspi-

278 949 363 1006 catus
385 947 450 1018 est,
483 943 671 1009 scribendum
699 961 766 1003 esse
793 940 933 1025 δίκερας.
988 942 1047 1003 Sed
1069 961 1107 1004 ne
1128 945 1172 1006 sle
1193 943 1316 1022 quidem

276 1064 361 1126 loeus
387 1079 477 1124 mnus
504 1065 567 1141 est3
611 1077 679 1122 nam
708 1062 848 1138 repetitio
876 1063 933 1122 ista
960 1061 1094 1121 eiusdem
1115 1063 1194 1122 rasis
1215 1059 1314 1134 (δικί-

276 1187 401 1264 ροιτος),
434 1178 517 1240 ουΙΙο
549 1178 640 1240 verbe
667 1180 887 1266 repetitionem
899 1179 1059 1255 indicame,
1081 1182 1116 1239 ut
1135 1177 1239 1243 πάλιν
1258 1183 1320 1240 aut

275 1300 372 1386 simile
394 1298 476 1377 quid,
499 1297 572 1357 lerrl
593 1313 651 1357 non
675 1300 783 1376 potest.
818 1277 966 1358 Prae'terea
988 1293 1035 1370 δὲ,
1056 1297 1135 1373 quod
1158 1297 1188 1356 in
1210 1301 1317 1376 poste·

275 1418 356 1478 tiore
377 1415 523 1477 sentemia
546 1415 693 1494 abundat,
727 1415 757 1476 in
779 1416 880 1493 priore
901 1413 1098 1476 desideratur.
1149 1411 1234 1474 Petet
1255 1415 1315 1492 igi-

276 1539 341 1613 tur,
375 1533 564 1595 scribendum
594 1551 681 1594 esse.
695 1575 727 1595 ..
749 1527 800 1595 ἐπ’
820 1531 922 1615 ἄλλον
944 1529 981 1594 δὲ
1001 1533 1097 1613 τέρας
1115 1529 1268 1613 χρυσοῦν.
1281 1577 1313 1595 ..

275 1655 335 1716 καί
350 1647 401 1716 ἐπ’
421 1649 522 1716 ἄλλον
543 1649 672 1732 δίκερας
691 1643 874 1732 ὁλόχρυσον.
923 1648 970 1710 lta
992 1667 1050 1708 non
1072 1649 1169 1708 solum
1191 1653 1314 1710 senten·

276 1773 384 1832 tiaram
405 1787 499 1833 nexus
520 1773 608 1848 aptus
634 1767 783 1847 allicitur,
812 1769 865 1829 sed
892 1769 983 1828 etiam
1009 1783 1125 1846 pompm
1152 1767 1225 1828 ordo
1251 1768 1313 1828 rite

240 1904 241 1907 ’
275 1890 425 1968 procedit3
468 1887 623 1948 adscendit
650 1888 729 1948 enim
758 1904 776 1947 a
804 1887 918 1946 minore
947 1885 983 1946 ad
1011 1885 1124 1962 maiae,
1158 1885 1314 1964 atque'ut

274 2004 416 2088 στεφάνη
447 2005 546 2064 minor
577 2008 624 2066 est
656 2022 745 2082 quam
777 2005 936 2086 στέφανος
964 2006 995 2063 el
1022 2003 1107 2081 quasi
1137 2003 1312 2064 dimidiatus

273 2126 446 2206 στέφανος,
482 2095 585 2182 eadem
607 2122 684 2182 ratio
706 2123 785 2182 inter
804 2123 901 2204 κέρας
921 2125 953 2182 et
974 2117 1102 2203 δίκερας
1123 2121 1312 2183 intercedere

272 2241 368 2304 debet.-

356 2359 401 2419 De
423 2357 554 2420 dieerate
575 2375 602 2420 v.
624 2356 741 2420 Miiller.
763 2357 855 2419 Areh.
877 2359 899 2432 §
920 2351 994 2440 436,
1017 2319 1080 2418 not.
1101 2351 1140 2437 43
1184 2353 1308 2418 Letron.

272 2477 398 2556 Ephem.
419 2477 470 2539 Er.
495 2467 588 2556 1833,
611 2495 637 2554 p.
656 2470 730 2536 697.
772 2474 873 2552 lmagu
895 2477 961 2536 eius
982 2473 1123 2554 frequens
1145 2473 1174 2536 iu
1197 2475 1310 2552 onmis,

271 2599 306 2656 ut
326 2595 468 2656 Arsinoes
490 2595 533 2666 (v.
557 2593 681 2656 Eokhel.
706 2593 743 2654 D.
764 2591 802 2654 N.
823 2593 874 2672 tv,
895 2588 954 2673 313
976 2592 1038 2664 al).

683 2791 715 2857 3.
757 2791 876 2882 Βήσα.

352 2945 486 3030 Βῆσσον
495 2944 567 3007 Ath.
589 2943 643 3028 xl,
665 2940 739 3026 784,
761 2946 790 3007 b.
812 2948 854 3008 ait
875 2963 942 3007 esse
963 2945 1104 3026 poculum
1125 2944 1310 3024 apurlrller·

269 3065 409 3126 andrinos
441 3063 639 3146 πλατύτερον
670 3061 707 3127 ἓν
738 3066 800 3132 τῶν
829 3064 914 3128 κοῖτον
939 3067 1060 3148 μερῶν,
1093 3061 1307 3146 ἐστενωμένον

269 3181 411 3248 ἄνωθεν.
445 3179 582 3246 Eustalh.
605 3184 641 3244 erl
664 3181 722 3244 Od.
745 3207 777 3257 α,
800 3163 893 3263 1405,
917 3179 958 3242 16
979 3180 1026 3243 lais
1046 3183 1203 3260 exscriptis
1226 3198 1306 3259 pras-

267 3301 350 3380 cipit‚
373 3305 407 3362 ut
429 3319 489 3362 uno
512 3303 606 3379 sigma
628 3301 783 3362 scribatur.
815 3299 986 3361 Aeuendam
1008 3317 1076 3360 esse
1098 3299 1304 3378 penultimam,

268 3420 355 3481 docet
366 3417 472 3498 Hedyli
494 3437 598 3480 versus
620 3420 657 3480 de
678 3421 766 3499 rhyto
781 3419 922 3480 Arsinoes
934 3417 1021 3491 (Ath.
1037 3412 1112 3495 497,
1134 3411 1188 3492 dl:
1211 3412 1302 3500 δρχη·

267 3534 343 3622 nepe
363 3536 467 3621 βήσαν
487 3536 678 3617 Αίγύπτιον.
721 3536 754 3598 ln
784 3553 845 3615 quo
873 3535 938 3596 loeo
960 3536 1041 3614 quod
1064 3534 1234 3597 Dindorllus
1256 3536 1301 3606 (in

266 3655 420 3716 Thesauro
449 3653 486 3714 Η.
517 3653 673 3734 Stephani]
701 3653 829 3716 alfirmat
858 3671 916 3713 non
939 3651 1094 3732 poculum,
1127 3653 1180 3713 sed
1203 3640 1303 3712 horni-

266 3793 333 3835 nem
355 3773 527 3834 saltatorem
549 3791 615 3832 esse
637 3772 875 3850 intelligendum,
899 3772 973 3832 mihi
996 3771 1117 3849 quidem
1138 3769 1196 3830 ista
1218 3787 1302 3830 eorn-

264 3893 379 3969 puratlo
401 3891 500 3968 inepta
522 3890 655 3970 videtur,
678 3909 732 3952 nee
753 3891 852 3965 rideo,
885 3890 956 3968 quid
978 3887 1085 3965 obstet,
1119 3887 1302 3966 quominus

264 4009 399 4086 lagenam
437 4007 608 4070 saltatorem
645 4009 838 4092 appellaverit
875 4013 998 4088 propter
1035 4007 1191 4069 salientem
1229 4007 1301 4066 inde

264 4127 417 4200 liquorem.
