2902 4704
653 295 716 362 163

151 499 311 579 προσθοῦ
331 492 442 578 λαβόυ
462 498 481 581 ἢ
503 496 658 582 aquiliana,
691 505 860 580 comparato
903 501 995 564 Festo
1016 521 1080 566 su.
1095 503 1195 566 lanae:

154 613 233 694 “qui
255 614 368 676 lurtum
391 615 453 678 mat
476 634 610 695 quaerere
632 619 661 682 ia
685 617 773 680 domo
795 619 901 699 aliena,
919 619 987 682 licio
1010 622 1125 684 cinctus
1147 625 1195 683 in-

154 732 266 808 trabat,
289 733 464 813 lancemque
485 740 555 798 aulo
575 735 680 796 oeulos
701 736 819 798 leuabat
846 742 967 816 propiet
995 744 1124 802 malrum
1150 739 1195 802 la·

151 851 246 912 miliae
267 856 320 912 aut
342 853 490 932 virgiuum
510 851 726 933 praesensum?
770 854 869 916 Schol.
892 856 944 919 Aa.
964 857 1050 920 Aul.
1067 858 1085 921 l.
1109 859 1197 920 docel

153 963 198 1030 τὰ
225 968 356 1050 τρυβλία
392 971 504 1032 maiora
532 987 614 1049 osse,·
642 970 735 1034 schol.
763 971 895 1035 Achaeo.
926 969 1027 1037 1110:
1060 974 1195 1042 λεκάνια

153 1088 214 1148 acal
226 1084 400 1162 λεκανίδας
427 1083 467 1152 ool
492 1088 624 1170 μείζονα
653 1093 717 1155 um
743 1085 914 1175 ὀξυβάφων
940 1095 995 1154 καὶ
1021 1090 1194 1158 ἐκπέταλα.

151 1203 202 1264 Ao
223 1222 259 1264 no
281 1207 349 1282 quis
371 1211 465 1284 polet,
489 1207 559 1286 quia
581 1224 628 1286 ap.
651 1207 744 1269 schol.
771 1209 823 1272 Ar.
853 1209 942 1288 Vesp.
963 1205 1027 1270 674
1049 1211 1194 1295 κηθύρια

152 1321 283 1399 legimus
304 1340 372 1384 esse
394 1313 433 1387 ad
456 1319 605 1407 ὀξύβαφα
628 1318 727 1402 ὀξύν
758 1319 831 1401 τούς
855 1325 967 1407 κύβους
994 1323 1142 1412 ἠφίεσαν,
1164 1335 1194 1390 ei

152 1441 233 1518 apud
256 1439 412 1511 Photium:
435 1441 547 1526 κήθια·
569 1437 718 1526 ὀξύβαφα
746 1441 791 1520 οἷς
823 1444 1014 1526 κυβεύουσιν,
1047 1445 1193 1524 profunda

153 1556 248 1618 luisse
270 1564 301 1619 ei
321 1561 423 1638 pyrgis
450 1560 575 1640 similia,
604 1562 681 1640 apud
709 1563 836 1624 eundem
858 1564 953 1626 schol.
977 1564 1113 1643 legimus,
1135 1587 1194 1647 κη-

153 1673 278 1757 θάριου
310 1694 376 1738 esse
398 1675 527 1759 πλέγμα
548 1677 750 1753 κανοοκιόὀες.
801 1679 944 1741 Videmus
973 1683 1082 1759 igilur,
1116 1684 1194 1742 anii-

153 1810 231 1871 quos
253 1811 311 1852 nou
334 1793 430 1856 solum
452 1815 490 1857 ox
504 1797 656 1858 turriculis
671 1801 798 1876 augusto
810 1815 862 1858 ore
874 1803 917 1870 (v.
930 1797 1054 1860 Beoler.
1067 1798 1142 1860 Gall.
1153 1799 1192 1876 ll,

153 1927 185 1987 p.
205 1905 301 1985 222),
325 1912 376 1972 sed
400 1914 507 1991 eliam,
541 1913 589 1974 ubi
624 1913 706 1976 nulla
730 1911 820 1976 'fraus
853 1916 1011 1978 metuenda
1044 1921 1124 1995 erat,
1157 1934 1194 1976 ex

152 2031 266 2107 apellis
287 2030 450 2092 acetabulis
472 2032 547 2092 talos
570 2033 686 2093 iecisse.

238 2146 315 2208 Mira
336 2149 445 2210 erravit
469 2150 499 2208 lu
521 2148 578 2212 hoo
592 2152 712 2210 nomine
727 2149 868 2226 Panolla,
892 2169 1020 2230 palmum
1032 2154 1191 2215 discrimen

153 2262 275 2342 aliquod
297 2268 431 2327 statuens
454 2267 531 2328 iuter
553 2262 719 2350 ὀξύβαφον
745 2275 776 2330 et
798 2265 993 2354 ὀξυβάφου,
1023 2272 1101 2350 quod
1125 2271 1191 2332 nul·

154 2375 216 2442 liam
239 2400 305 2444 esse
326 2387 502 2446 monstrauit
535 2385 678 2464 Lelronn.
700 2386 829 2464 Ephem.
854 2380 949 2466 1833,
975 2406 1005 2464 p.
1027 2383 1092 2448 609
1112 2406 1191 2492 sqq„

153 2504 219 2560 lum
240 2517 363 2578 prorsus
385 2507 487 2564 oonlra
509 2505 641 2564 omnium
669 2505 860 2582 antiquorum
890 2506 1059 2566 lasiimouio
1080 2505 1193 2586 oxyba-

153 2617 236 2697 phon
258 2623 405 2682 crateram
427 2638 493 2682 esse
514 2625 657 2697 statuens,
681 2622 751 2700 quia
773 2623 803 2682 ia
827 2621 901 2700 pede
923 2627 1055 2682 craterae
1066 2622 1191 2683 alicuius

156 2737 226 2798 stilo
248 2739 341 2798 iussa
364 2739 516 2800 invenerat
541 2737 765 2808 ΟΞΥΒΛΦΑ
787 2737 796 2818 ξ
820 2741 887 2814 ΑΔ,
914 2717 941 2801 νζ
963 2738 1056 2801 Reoh.
1080 2733 1191 2817 1,38;

158 2846 260 2933 v1,8.
303 2855 429 2916 Seoulm
450 2859 497 2916 ssi
518 2855 688 2918 Gorhardus
711 2857 769 2920 uu
794 2857 829 2918 u.
858 2851 915 2938 193
945 2856 997 2916 sed
1020 2873 1124 2935 nemo,
1156 2861 1192 2917 ut

154 2971 271 3051 opinor,
293 2971 420 3050 amplius
442 2978 596 3052 sequetur,
620 2979 778 3053 postquam
805 2974 842 3034 de
870 2973 919 3036 his
946 2975 1025 3034 nolis
1052 2979 1192 3034 accurate

156 3090 218 3164 ogit
239 3087 419 3150 Leironalus
440 3091 470 3150 in
493 3090 619 3169 Ephem.
641 3091 693 3152 Er.
718 3086 810 3168 1837,
833 3109 861 3168 p.
885 3084 950 3148 750
971 3106 1036 3167 sqq.
1076 3089 1190 3152 lliovel

155 3204 277 3284 pluralis
299 3200 448 3291 ὀξύβαφα
469 3208 614 3288 ostendit,
637 3207 674 3268 ad
701 3207 757 3268 hoo
786 3223 878 3266 uuum
910 3221 962 3266 vas
994 3203 1098 3265 referri
1132 3221 1189 3265 nou

154 3338 251 3400 posse.
295 3321 412 3385 Ceriam
434 3322 582 3402 oxybaphl
604 3321 728 3384 formam
757 3325 880 3401 propiet
901 3322 1031 3400 inopiam
1056 3322 1190 3382 testimo·

155 3441 273 3500 olorum
306 3440 446 3518 equidem
479 3439 603 3501 definire
636 3456 694 3498 non
727 3439 839 3517 audeo;
872 3437 944 3500 illud
985 3442 1116 3515 constat,
1159 3439 1189 3498 in

154 3557 266 3633 ingenii
289 3556 340 3617 illo
362 3573 521 3634 parvorum
543 3556 678 3620 flatilium
701 3573 843 3629 numero,
877 3572 944 3633 quo
976 3555 1013 3616 ad
1042 3571 1096 3614 nos
1121 3571 1190 3630 por-

154 3673 298 3752 seneainl,
322 3671 511 3750 querendam
533 3689 610 3734 esse.

239 3788 273 3848 ln
301 3793 465 3850 extremum
498 3789 596 3851 locum
628 3789 798 3849 distulimus
830 3790 1012 3866 praecipuum
1041 3787 1190 3866 quendam

151 3904 376 3983 oxybaphorum
399 3923 495 3968 usum.
539 3905 594 3967 Est
614 3905 664 3966 laio
686 3907 716 3964 in
738 3904 846 3965 cottabi
870 3903 958 3980 ludo,
991 3921 1081 3981 quem
1103 3921 1119 3962 a
1143 3903 1189 3964 Si·

152 4021 229 4082 culis
251 4023 403 4084 inventum
424 4039 527 4083 omnes
555 4022 650 4083 Graeci
684 4025 765 4082 lanio
798 4021 897 4082 studio
931 4025 1123 4100 receperunt,
1156 4025 1190 4080 ut

152 4138 275 4217 quidam
297 4141 386 4210 eiiam
409 4140 518 4201 collabi
542 4140 612 4201 ludo
634 4155 723 4219 quam
746 4137 890 4201 iaculandi
913 4139 1075 4200 certamine
1091 4137 1189 4196 excel-

944 4251 988 4302 u*
