2906 4716
501 297 728 396 A„

98 501 179 580 pendi
195 507 226 563 et
243 503 386 582 pingendi
409 519 468 581 ars,
492 505 580 564 etiam
602 503 660 564 lroc
682 499 776 582 genus
798 505 936 566 floruisse
957 508 1130 568 existimau-

97 623 162 682 dum
184 625 240 684 est.
264 620 421 684 Consenlit
441 619 649 701 iereAbelem
672 624 723 701 qui
742 617 942 702 (nipast)
961 626 1129 704 antiquiora

96 737 180 800 liuius
201 743 322 818 generis
339 717 413 804 nasa
433 740 561 802 Athenis
582 739 715 802 oouieota
737 743 843 802 statuit
861 741 911 805 Ol.
926 741 1128 822 [ΚΧ-ΧΩ

98 858 169 934 quod
191 863 293 920 autem
309 859 486 940 recentiora,
510 857 634 936 Nolana,
658 860 687 920 in
702 861 766 940 ipsa
780 858 938 940 Campania
952 860 1029 923 iacta
1044 867 1129 940 putat

98 980 138 1053 (p.
158 971 257 1056 337),
282 977 367 1038 uobis
389 977 510 1056 quidem
534 977 651 1038 videtur
672 978 778 1039 idonea
800 996 890 1040 causa
912 995 1029 1058 carere;
1060 997 1128 1041 nam

97 1093 155 1156 hae
176 1113 299 1174 quoque
321 1097 347 1156 si
370 1113 437 1156 oum
458 1095 568 1157 Atticis
590 1101 811 1176 comparantur,
835 1098 964 1159 discerni
987 1101 1036 1160 rix
1057 1117 1127 1176 pos·

98 1217 177 1290 sunt,
210 1216 258 1274 sin
281 1217 382 1275 autem
405 1231 474 1276 oum
497 1215 617 1293 optimis
645 1232 682 1275 ex
705 1213 808 1277 italico
830 1234 957 1296 genere,
991 1235 1058 1278 oum
1080 1219 1127 1296 iis,

98 1349 158 1408 quae
178 1334 257 1395 eirca
282 1331 416 1394 Plistiam
440 1331 486 1407 (S.
497 1331 615 1411 Agatha
626 1333 672 1395 de'
685 1331 770 1408 Goti)
795 1336 997 1418 inveniuntur,
1022 1337 1127 1416 ingens

99 1449 251 1512 discrimen
275 1455 331 1514 est.

172 1565 211 1644 3)
245 1570 382 1632 Tertium
411 1587 505 1648 genus
532 1572 646 1650 reliqua
676 1575 809 1634 continet
836 1577 914 1654 pieta
945 1591 1029 1650 vasa,
1070 1591 1127 1634 non

98 1687 206 1768 Attica,
237 1689 291 1749 sed
319 1687 423 1749 Italica
456 1690 613 1750 maximam
645 1695 768 1768 partem.
821 1670 982 1754 Kramerus
1009 1669 1129 1769 quidem

100 1811 139 1883 (p.
163 1801 223 1867 129
243 1811 328 1885 sqq.)
352 1809 441 1868 etiarn
463 1805 528 1868 haeo
549 1807 649 1868 Attica
671 1813 773 1891 putat3
796 1811 843 1870 eui
866 1811 987 1870 minime
1009 1809 1128 1869 accedo.

100 1921 166 1984 Nam
188 1941 286 2004 neque
308 1925 372 1985 ulla¹
390 1925 497 1986 similia
521 1927 551 1986 in
574 1925 675 1988 Attica
698 1928 817 1988 iuventa
839 1932 924 2008 suut,
948 1929 978 1987 et
1000 1925 1128 2003 inserip-

100 2042 186 2103 tiones
209 2047 271 2104 tam
293 2061 394 2121 pauore
416 2047 496 2124 sunt,
523 2043 596 2104 nihil
619 2049 652 2105 ut
675 2046 800 2124 probare
822 2048 955 2126 possint,
977 2063 1076 2124 neque
1098 2045 1127 2104 in

100 2159 180 2221 rebus
206 2167 237 2222 et
268 2164 449 2239 argumentis
477 2163 638 2241 quidquam
661 2163 845 2228 Athenarum
867 2165 1020 2244 proprium
1043 2180 1129 2240 repe·

99 2275 175 2340 ritur.
231 2277 463 2358 Conspioiuutur
488 2298 568 2358 sape
596 2283 692 2360 capita
722 2283 868 2362 humanm
911 2283 963 2343 sed
987 2281 1128 2359 pleraque

100 2396 264 2460 referuntur
292 2399 328 2458 ad
358 2400 522 2476 elegantem
552 2401 618 2459 vitae
647 2400 760 2460 cultum
782 2405 813 2460 et
837 2401 963 2460 maxime
985 2399 1021 2459 ad
1044 2395 1129 2458 lomi-

100 2531 196 2578 narum
213 2519 364 2595 ornatum,
388 2521 421 2578 ut
443 2517 515 2577 nihil
538 2515 687 2595 vulgatius
710 2535 798 2596 quam
821 2517 962 2580 mulieres
985 2535 1052 2578 oum
1075 2515 1129 2576 ssa-

99 2631 191 2717 bellis,
215 2653 284 2696 oum
309 2636 428 2696 scriniis
454 2641 691 2715 unguentorum,
723 2635 887 2714 similibus3
921 2653 979 2696 non
1002 2652 1070 2695 raro
1092 2635 1129 2694 ad

100 2757 217 2814 mortem
247 2757 279 2814 et
307 2751 417 2814 inieros
447 2753 638 2833 deducimur,
674 2759 707 2815 ut
733 2755 797 2816 haeo
827 2771 896 2816 vasa
923 2751 1129 2832 sepulcrorum

100 2885 180 2931 nausa
200 2871 279 2932 iacta
300 2871 393 2932 videri
416 2872 543 2950 possint.
584 2871 679 2933 Unum
703 2877 795 2934 restat
816 2871 951 2933 Krameri
973 2889 1130 2950 argumen-

101 2989 156 3046 tum
178 3007 213 3049 er
236 2990 459 3050 continuatione
481 2990 555 3050 artis
576 2961 720 3071 petitum3
763 2995 849 3069 putat
870 2992 949 3050 enim
972 3009 1009 3050 ex
1030 2989 1078 3049 his
1100 2995 1131 3048 et

100 3105 242 3180 prioribus
269 3125 356 3168 unam
387 3105 553 3187 quandam,
589 3125 646 3168 nou
681 3110 877 3186 interruptam
910 3106 987 3168 ellici
1021 3107 1129 3166 seriem

100 3223 166 3282 artis
187 3226 298 3284 sensim
320 3229 431 3286 evectae
453 3225 489 3285 ad
512 3243 661 3286 summum
684 3224 846 3306 fastigium,
870 3241 965 3302 eoque
989 3227 1129 3301 superato

100 3337 200 3402 iterum
221 3341 440 3404 descendentis.
496 3341 583 3418 Quod
618 3344 703 3404 uobis
736 3344 856 3422 quidem
889 3359 975 3403 seous
1004 3341 1130 3402 videtur.

101 3453 223 3520 lmmane
246 3467 389 3539 quantum
413 3463 554 3534 interest,-
589 3463 645 3522 nisi
669 3460 769 3541 iallor,
799 3463 877 3522 iuter
898 3462 1028 3522 Atticam
1051 3459 1131 3518 illam

101 3581 204 3661 artem,
239 3597 306 3658 quae
339 3597 457 3659 semper
487 3581 630 3640 maiorem
665 3580 885 3658 simplicitatem
919 3581 1067 3652 sectatur,
1100 3581 1131 3635 et

102 3691 179 3776 hano,
201 3699 250 3759 eui
266 3697 344 3758 nulla
359 3697 522 3776 figurarum
544 3704 575 3758 et
597 3703 837 3760 ornamentorum
860 3695 1027 3770 multitudo,
1052 3693 1130 3754 nulla

101 3813 225 3877 colorum
248 3818 376 3878 varietas
398 3819 471 3876 satis
494 3833 598 3893 magna
620 3817 746 3877 ridetur.
780 3815 855 3889 Quae
871 3831 960 3890 porro
972 3813 1021 3872 illa
1033 3815 1131 3888 aetate,

101 3938 198 4006 quarto
222 3935 278 4011 rel,
301 3936 327 3994 si
349 3935 406 3994 hoe
429 3935 531 4010 mavis,
555 3937 644 3994 tertio
666 3931 775 3994 atlhr.
791 3952 818 3991 u.
842 3931 950 3992 sannio
973 3933 1056 3989 tauta
1079 3930 1132 3988 de-

101 4053 226 4122 pravatio
248 4055 322 4112 artis
344 4053 451 4112 Attice
474 4051 598 4128 intelligi
622 4045 741 4128 potasti
764 4045 879 4126 'Quasi
904 4049 976 4108 nihil
1001 4063 1130 4126 unquam

102 4165 254 4239 perfectius
270 4169 333 4231 steri
349 4171 480 4248 poluerit
494 4185 583 4247 quam
596 4165 708 4227 Nolana
727 4184 809 4244 rasa,
831 4171 874 4244 ut,
898 4182 989 4242 quum
1004 4180 1039 4222 eo
1063 4180 1131 4238 per-

893 4279 930 4327 2*
