2902 4704
719 231 764 298 94

230 439 356 526 ριβῆται
376 457 393 503 r
415 443 504 520 poete
525 436 667 500 dicuutur
687 437 837 516 tripodes,
855 417 957 515 'quusi
986 436 1040 515 qui
1060 436 1160 514 iguem
1181 453 1269 498 souu-

230 559 317 640 drnt3
340 556 520 641 λοετροχόοι
542 561 641 620 eutem
663 561 746 634 suut,
767 555 875 634 quibus
897 573 977 635 equs
995 557 1033 618 ud
1049 556 1165 618 levandi
1179 573 1272 617 usum

230 677 337 740 celelit.

308 795 381 858 ,Ηοο
402 798 435 856 nt
456 793 578 874 vulgare
599 791 749 872 tripodum
770 809 865 871 genus
887 795 944 874 est,
966 794 1008 854 ita
1030 811 1122 854 unum
1135 791 1271 854 Homero

232 918 346 988 uotum,
370 930 550 992 quemquern
572 912 754 990 grammatici
776 911 846 970 inde
866 909 905 971 cb
925 909 1272 990 Asclepiedellyrleuuo

231 1049 278 1110 up.
300 1031 372 1094 Atlr.
394 1030 455 1110 111,
481 1025 561 1108 501,
590 1048 606 1090 c
628 1029 695 1102 (hic
717 1029 814 1105 enim,
849 1030 928 1108 quod
950 1031 1058 1107 solem,
1092 1029 1269 1108 antiquissi-

231 1169 298 1212 mus
331 1154 434 1211 ructor
465 1153 527 1222 est)
556 1165 650 1224 usque
676 1148 713 1208 ed
746 1145 906 1209 liliilleruur
933 1148 994 1208 duo
1022 1165 1130 1226 genera
1159 1129 1291 1208 distin-³

232 1274 334 1348 grunt,
359 1264 500 1350 οῗπύρους
521 1264 560 1328 et'
573 1264 787 1350 ἐμπυριβήτης
808 1297 850 1312 -
871 1251 1027 1328 debebant
1038 1266 1142 1327 sellem
1165 1251 1271 1349 ἐμπό-

232 1409 305 1469 ρους
325 1387 425 1448 dioere
446 1389 480 1447 ut
502 1383 606 1446 Pollux
633 1382 682 1465 Χ,
711 1379 762 1448 81.
813 1379 976 1468 ’Λαύρους
1003 1389 1105 1448 autern
1131 1389 1273 1446 statuunt

232 1523 316 1582 esse,
349 1505 401 1582 qui
428 1521 486 1564 uon
515 1504 576 1563 siot
603 1503 663 1580 igni
693 1504 885 1581 imponendi,
916 1509 947 1564 et
975 1502 1139 1564 Homerum
1161 1505 1271 1582 putrui

232 1615 335 1686 cadelo
357 1623 472 1684 ratione
494 1621 632 1682 divisisse
653 1621 796 1700 tripodes,
819 1639 877 1698 qua
900 1619 1004 1682 Pollux
1026 1619 1094 1698 (Vl,
1116 1615 1156 1694 7)
1175 1625 1271 1696 ortes,

232 1741 306 1802 stirs
319 1735 470 1822 ἀπύρους,
493 1739 567 1800 alies
589 1734 745 1820 ἐμπύρους
766 1757 833 1800 esse
859 1739 971 1801 diceus.
1006 1738 1063 1800 Vir
1085 1739 1184 1800 credo.
1211 1737 1273 1798 Est

233 1861 313 1922 euim
324 1857 446 1940 ἄπυρος
457 1855 587 1918 llornero
610 1857 688 1918 idem
709 1862 799 1936 etque
821 1852 996 1938 ἀπύρωτος,
1016 1859 1037 1920 i.
1058 1857 1085 1919 c.
1108 1859 1169 1934 igni
1191 1875 1274 1918 uou-

233 1977 303 2038 dum
315 1976 462 2054 admotus
486 1993 590 2036 novus.
624 1975 690 2036 Hoc
712 1975 874 2070 clarissime
891 1980 1014 2054 apparet
1031 1993 1067 2036 er
1081 1976 1164 2058 ΙΙ.ψ,
1184 1970 1271 2036 267:

317 2087 416 2174 αὐτὰρ
438 2093 483 2178 τῷ
503 2091 636 2179 τριτάτῳ
658 2091 786 2175 ἄπυρον
806 2095 968 2176 κατέθηκε
988 2093 1115 2177 λέβητα,
1165 2147 1169 2154 .
1295 2129 1301 2141 ·

316 2209 426 2284 καλόν,
448 2213 586 2294 τέσσαρα
606 2213 706 2294 μέτρα
727 2209 921 2294 κεχανδότα,
942 2207 1055 2277 λευκὰν
1076 2207 1118 2274 ἔτ’
1137 2207 1248 2286 αὔτως,

233 2327 283 2390 ubi
306 2328 444 2390 laudetur
465 2347 573 2390 uenum
595 2331 752 2394 candidum
775 2330 888 2410 adhuc,
912 2348 970 2392 uon
992 2329 1116 2408 iuligine
1138 2331 1275 2408 nigrum,

233 2449 302 2526 quir
325 2447 455 2508 noudum
478 2449 539 2526 igni
560 2450 712 2508 admotum
734 2447 800 2509 luit.

317 2566 357 2626 At
379 2568 470 2644 euim,
505 2567 644 2644 inquiunt
666 2565 826 2639 (Mtillerus
847 2585 876 2645 p.
887 2560 920 2644 8,
941 2565 1066 2626 Rostlus
1088 2565 1117 2624 iu
1140 2563 1273 2625 Demmii

235 2683 327 2744 lexico
341 2702 368 2760 p.
378 2678 487 2763 1115),
510 2685 540 2744 iu
552 2683 585 2744 ll.
598 2709 619 2758 ι,
642 2679 704 2744 122
719 2684 775 2744 sibi
792 2689 984 2762 opponuntur
994 2682 1112 2765 ἄπυροι
1122 2681 1275 2765 τρίποδες

233 2805 265 2862 et
284 2801 429 2874 αἴθωνες
450 2799 587 2882 λέβητες.
632 2801 780 2879 Equidem
802 2802 912 2862 nullom
934 2804 1150 2880 oppositionem
1171 2803 1272 2866 video.

233 2918 280 2978 Au
303 2919 373 2994 quic
396 2917 476 2978 lebes
498 2920 608 2996 tripodi
630 2921 740 3006 imponi
756 2924 863 3000 potest,
886 2916 1059 2998 tripusestl
1081 2921 1269 2998 uomtngn·

119 3086 125 3094 .
233 3053 352 3098 memuo
390 3035 499 3100 Achilli
535 3042 649 3116 septem
688 3055 780 3098 novos
817 3039 949 3116 tripodes
987 3043 1018 3099 et
1053 3040 1158 3116 viginti
1194 3055 1272 3098 sens

233 3155 426 3232 splendentis.
471 3153 553 3231 Quid
575 3155 740 3234 simplicius
762 3152 830 3216 esti
873 3157 985 3218 Temen
1007 3157 1076 3217 iude
1097 3157 1272 3235 effecerunt,

234 3271 300 3335 illos
323 3272 454 3351 tripodes
476 3271 568 3335 luisse
590 3270 782 3354 coniecisti),
815 3292 844 3336 v.
864 3274 973 3338 Atlren.
997 3273 1039 3353 11,
1065 3269 1123 3351 37,
1146 3273 1166 3336 1.
1209 3273 1270 3336 Sed

233 3394 367 3452 craterae
388 3409 539 3470 uunquam
563 3391 694 3469 tripodes
715 3391 787 3452 dicti
808 3397 889 3472 suut,
912 3411 967 3453 uec
989 3393 1018 3452 iu
1041 3395 1101 3452 turn
1123 3390 1271 3470 frequenti

234 3513 421 3570 craterarum
431 3512 462 3568 et
483 3509 632 3588 tripodum
654 3510 804 3570 rueutlone
825 3511 902 3588 opud
924 3509 1087 3571 Homerum
1109 3509 1202 3571 ullum
1223 3513 1277 3569 ert.

256 3840 284 3904 *)
307 3839 383 3902 Quod
404 3840 530 3892 Miillcrus
558 3857 584 3906 p,
607 3841 625 3888 6
651 3841 781 3916 τρίποδας
804 3843 914 3912 λέβητας
938 3849 963 3894 et
984 3842 1113 3917 τρίποδας
1135 3842 1274 3916 κρατῆρας

300 3925 371 3987 dixit,
389 3927 468 3974 miror
485 3939 543 3975 eum
563 3927 639 3977 istum
657 3927 870 3978 substantivorum
889 3929 1075 3990 oppositionem
1091 3928 1205 3979 (trucum
1223 3929 1275 3978 tre-

300 4010 402 4073 buisse3
437 4023 486 4060 nec
510 4011 596 4061 simile
620 4013 759 4073 quidquem
777 4013 844 4074 epud
868 4015 1004 4074 scriptores
1028 4013 1133 4076 legum,
1161 4025 1220 4062 uum
1245 4014 1274 4062 ln

299 4094 413 4154 AEsolrrli
432 4094 462 4144 tr.
480 4105 520 4156 up.
541 4096 600 4150 Δια.
619 4097 653 4159 11,
672 4097 721 4160 37,
740 4099 755 4147 t.
776 4100 884 4169 colorve
901 4099 1054 4152 udiectivurn
1073 4105 1120 4150 est·
