2902 4704
688 280 909 380 J,-
929 298 932 302 ,

278 484 417 547 accedam
438 473 623 564 Asclepiade
644 475 736 558 (488,
757 481 797 563 i),
818 487 946 563 putanti,
967 483 1032 552 δύο
1053 488 1223 569 πυθμένας
1251 503 1321 550 ease

278 604 401 665 lundum
422 607 454 664 et
475 603 591 680 pedem.
634 601 696 662 Nec
717 603 797 664 enim
819 607 879 664 hm
898 604 998 684 inepte
1016 604 1087 666 lusit
1098 605 1261 680 Homerus,
1286 613 1321 668 ut
1428 691 1429 698 ¹

278 723 381 782 eodem
403 721 522 782 nominc
544 721 619 782 duas
639 737 687 782 res
705 721 1177 804 maximediversassignili'caret,
1200 741 1269 804 nec,
1293 726 1320 785 si

278 841 350 904 illud
362 839 461 901 dicere
472 839 627 916 voluisset,
650 839 755 918 pedem
766 840 934 918 appositum
942 857 1018 918 esse,
1030 841 1203 922 addidisset,
1224 843 1320 904 etiam

277 958 400 1022 fundum
421 975 498 1032 esse,
520 958 608 1036 qirasi
629 957 678 1018 hic
700 958 948 1035 unquamabcsse
961 963 1072 1036 posset.
1116 959 1178 1021 lmo
1191 959 1318 1022 Homeri

277 1075 367 1140 verba
388 1076 563 1155 simpliciter
579 1075 965 1152 intelligendavidenturde
978 1077 1089 1155 duplici
1111 1078 1197 1156 pede,
1219 1078 1318 1140 altero

277 1197 362 1258 alteri
384 1196 534 1273 imposito,
556 1198 590 1254 ut
611 1211 688 1254 unus
705 1191 861 1273 efficiatur,
885 1195 989 1254 eodem
1012 1195 1100 1256 modo
1121 1213 1182 1273 quo
1203 1197 1318 1257 cande·

277 1313 358 1376 labra
380 1331 459 1392 soepe
471 1331 508 1372 cx
525 1311 660 1390 pluribus
677 1289 815 1372 constare
826 1311 964 1372 videntur
984 1313 1079 1374 altero
1101 1315 1186 1376 alteri
1208 1331 1316 1394 super·

278 1433 426 1512 imposito.
481 1428 546 1490 Ηοο
568 1431 599 1490 in
627 1429 750 1492 crateris
772 1429 912 1492 videmus*
928 1432 1007 1509 apud
1029 1430 1156 1510 zoegam
1179 1431 1314 1495 Bassiril.

279 1551 337 1612 tab.
358 1545 381 1610 8
402 1553 433 1612 et
452 1543 506 1612 89.

362 1670 551 1750 disrumpor
583 1685 636 1746 pro
669 1664 772 1742 δέπας
806 1667 922 1730 dixerat
954 1667 1160 1751 Antimachus,
1193 1687 1219 1729 v.
1241 1668 1315 1730 Ath.

279 1811 308 1869 p.
330 1783 404 1851 468.

360 1901 392 1970 2.
428 1902 612 1970 ’Λλεισον
633 1903 742 1982 saepius
763 1903 882 1984 legitur,
917 1911 951 1966 ut
973 1907 1002 1966 in
1025 1905 1084 1967 Od.
1100 1929 1131 1987 χ,
1153 1902 1190 1967 9:
1211 1899 1317 1969 καλὸν

278 2025 422 2100 ἄλεισον,
442 2021 590 2104 χρύσεον,
613 2019 775 2104 ἄμφωτον.
814 2023 846 2084 ln
870 2024 1048 2102 etymologia
1070 2023 1160 2084 huius
1178 2023 1314 2085 vocabuli

278 2144 370 2206 multa
392 2140 529 2202 hariolati
551 2145 621 2200 sunt
642 2139 736 2202 Graeci
759 2143 954 2220 grammatici,
977 2161 1005 2204 v.
1027 2143 1098 2205 Ath.
1117 2142 1172 2222 Xl,
1185 2134 1258 2221 783,
1279 2141 1316 2222 b,
1432 2231 1433 2234 Ἴ

278 2281 316 2324 ne
337 2261 518 2322 recentiores
541 2259 660 2337 quidem
672 2259 708 2320 ab
721 2261 757 2320 iis
769 2261 921 2322 discedere
932 2261 1060 2341 audent3
1083 2262 1135 2322 scd
1147 2262 1316 2322 derivatum

278 2384 383 2460 putant
405 2379 441 2440 ab
469 2401 491 2440 ο
522 2379 667 2456 privativo
690 2382 721 2438 et
742 2378 835 2453 λεῖος,
882 2379 1005 2456 Virgilio
1033 2383 1155 2440 auctore
1182 2381 1316 2458 interpro

278 2505 376 2562 tantas
397 2497 559 2575 “poculum
581 2514 718 2576 asperum
739 2499 860 2575 signis”.
905 2497 1018 2558 Vellem
1040 2498 1199 2579 dixissent,
1234 2498 1316 2558 unde

279 2618 408 2678 litteram
441 2639 457 2691 ς
486 2617 627 2675 insertam
656 2619 804 2693 putarent.
859 2615 986 2676 Videtur
1015 2613 1147 2680 citamur
1179 2615 1315 2676 eiusdem
1433 2609 1434 2612 ’

278 2737 380 2814 stirpis
402 2751 468 2794 esse
490 2738 580 2811 atque
603 2730 701 2808 οιλέω,
735 2732 842 2808 silica,
876 2739 906 2796 ct
934 2752 952 2796 a
980 2735 1106 2796 rotunda
1133 2733 1228 2794 torma
1249 2734 1316 2794 dic-

278 2857 341 2914 tum
371 2867 456 2932 esre3
490 2853 611 2929 quicum
633 2853 781 2932 convenit,
813 2854 892 2932 quod
915 2871 961 2931 ap.
984 2852 1055 2914 Ath.
1076 2847 1150 2932 479,
1173 2871 1199 2913 c.
1231 2851 1316 2914 llar-

277 2989 346 3050 syas
371 2967 497 3028 relicus
519 2969 619 3050 tradit,
648 2962 683 3034 cd
710 2965 746 3034 ἐν
772 2972 817 3057 τῷ
844 2970 932 3058 ἰσχίῳ
958 2967 1070 3036 ὀστοῦν
1097 2969 1315 3051 (aaretubulum,

276 3087 424 3172 κοτύλην]
447 3073 623 3151 καλεῖσθαι
646 3087 778 3154 ἄλεισον
797 3092 851 3152 καὶ
872 3089 994 3155 κύλικα.
1016 3123 1058 3138 -
1080 3089 1113 3150 ln
1128 3087 1256 3168 Etymol.
1271 3087 1314 3152 M.

278 3229 306 3289 p.
328 3203 382 3288 61,
408 3201 448 3268 17
469 3211 527 3280 est,
550 3206 779 3285 Aristophanem
801 3208 911 3268 dixisse
933 3204 1001 3273 τὸν
1023 3207 1163 3273 ἄλεισον.

322 3319 325 3326 ’
360 3322 391 3389 3.
435 3321 648 3405 Κισσύβιον
671 3327 730 3385 vini
753 3324 935 3405 Polyphemo
959 3328 1048 3388 tradit
1064 3326 1163 3388 Ulixes
1185 3325 1261 3406 (od.
1288 3349 1315 3400 ε,

275 3439 365 3520 346),
385 3443 526 3504 Eumaeus
538 3441 615 3505 Ulixi
627 3442 673 3517 (ib
694 3446 721 3520 ξ,
732 3438 939 3506 itt-dicitur
950 3447 1027 3506 idem
1039 3444 1156 3528 σκύφος
1166 3464 1192 3507 v.
1201 3439 1314 3504 lla-

277 3569 308 3624 et
318 3587 353 3638 π,
364 3558 429 3634 5⁶2).
473 3561 545 3622 lnde
555 3561 746 3640 Asclepiades
758 3581 805 3642 ap.
818 3563 887 3627 Ath.
899 3559 973 3642 47¹7,
986 3564 1014 3626 b.
1037 3564 1199 3640 concludit,
1220 3566 1314 3624 rusti·

276 3701 344 3744 cum
367 3700 433 3742 osse
457 3681 604 3759 poculum.
629 3678 767 3742 --Omnia
795 3683 925 3742 enimin
949 3683 1007 3743 hoc
1028 3681 1171 3743 vocabulo
1192 3682 1315 3742 coniec·
1433 3703 1434 3710 ¹

278 3804 344 3860 lura
367 3801 519 3879 nituntur;
551 3805 719 3877 sequuntur
740 3805 839 3860 autem
868 3802 994 3860 maxime
1027 3800 1251 3879 etymologiam,
1286 3800 1312 3860 si

278 3935 334 3978 non
358 3921 458 3994 aperte
481 3916 594 3989 taleam,
617 3922 647 3978 at
669 3918 825 3978 admodum
848 3917 984 3998 dubiam,
1019 3919 1097 3997 quod
1121 3922 1241 3998 putant,
1274 3918 1314 3978 ab
1433 3971 1434 4022 ,

276 4035 396 4112 hedera,
414 4037 521 4122 κισσῷ,
543 4036 656 4096 dictum
678 4053 756 4114 csse,
774 4038 905 4114 autquia
919 4037 1028 4098 hedera
1051 4041 1188 4098 ornatum
1211 4034 1314 4114 inierit,

276 4157 311 4216 ut
334 4151 409 4215 Poll.
432 4151 484 4231 Vl,
505 4148 565 4214 97:
587 4147 622 4216 τὸ
644 4149 681 4216 δὲ
701 4151 862 4234 κισσύβιον
882 4162 988 4231 ιιισσός
1015 4157 1174 4236 περιέθει,
1197 4148 1255 4237 ἀφ’
1276 4147 1316 4221 οὗ
