2902 4704
545 243 811 312 ‘123-

134 460 241 516 tenere
263 455 372 532 posset.
417 451 483 514 lluo
505 455 793 535 pertranseuntur,
817 456 1175 534 quotopgrammattoos

133 573 274 651 legimus,
298 566 442 653 α’ρδάλια
463 576 494 632 et
516 567 807 654 donantur-nam
829 578 910 634 extat
932 579 1057 652 utraque
1080 574 1173 634 lorrnn

133 723 177 735 -
200 710 267 752 esse
289 685 359 765 τοὺς
379 692 552 772 πυθμένας
571 691 634 754 τῶν
655 689 847 772 κεραμίδων,
865 695 895 752 et
916 689 972 768 τὰς
994 694 1055 757 τῶν
1076 715 1174 774 κερα-

131 811 218 892 μίων
239 807 393 892 γάστρας,
426 813 460 869 ut
487 808 617 887 Hesycb.
672 807 715 870 Ci.
738 809 835 870 AElins
858 779 1018 888 Dionysius
1040 829 1088 889 np.
1112 810 1174 870 Eu-

134 927 228 992 stntb.
251 928 287 988 ad
309 927 344 990 ll.
366 930 405 1008 θ,
427 947 457 1006 p.
480 921 554 1004 707,
577 922 635 989 35:
659 923 819 1009 ἄρδάνιον
845 924 880 992 τὰ
902 924 974 994 ἀπὸ
1004 929 1058 993 τοῦ
1084 930 1174 992 nvll-

131 1048 231 1128 μένος
251 1045 307 1110 τοῦ
326 1047 497 1128 κεραμείου
518 1046 576 1121 ἕως
597 1047 652 1132 τῆς
672 1045 817 1128 γαστρός·
850 1047 932 1112 Suid.
955 1066 978 1109 s.
1001 1066 1046 1110 vv.
1070 1042 1173 1128 ἄρδᾰ·

133 1185 208 1230 rrov
229 1169 260 1225 et
281 1161 484 1246 τοῦστρακον·
507 1163 631 1226 bekker.
654 1164 767 1226 Aueetl.
789 1161 864 1246 441,
886 1161 940 1228 30.

220 1283 353 1362 Apparet
375 1281 498 1342 formam
521 1283 610 1343 huius
632 1282 705 1344 labri
734 1301 857 1362 prorsus
890 1284 1000 1344 nullius
1030 1285 1171 1344 momenti

133 1403 240 1478 luisse.
263 1405 296 1462 ut
319 1401 397 1479 quod
420 1418 499 1479 saepe
520 1402 610 1460 etiam
632 1399 828 1479 fragmentum
852 1401 949 1480 luerit,
968 1403 1173 1482 qualecunque

132 1521 195 1582 iors
217 1519 383 1582 obtulisset.
427 1516 489 1578 Nee
511 1515 639 1578 dubitari
662 1523 776 1598 potest,
800 1525 870 1594 quin
893 1523 993 1582 statim
1017 1525 1083 1599 post
1105 1537 1172 1598 per·

134 1639 228 1701 lectas
250 1638 391 1715 exequias
417 1635 639 1713 benemoria,
674 1637 733 1698 inm
765 1639 813 1697 vix
846 1641 918 1698 satis
941 1632 1025 1717 pluro,
1058 1639 1171 1700 obiectu

135 1759 197 1818 sint
218 1761 249 1817 et
271 1756 410 1830 contrita,
435 1771 505 1832 nnn,
528 1759 562 1814 ut
584 1753 703 1832 quidam
726 1758 884 1834 putarunt,
912 1775 972 1817 una
1001 1775 1069 1817 eum
1090 1773 1172 1816 mor-

134 1877 196 1937 tuis
218 1874 352 1954 sepulta:
377 1871 490 1934 nullum
513 1889 584 1931 sane
606 1873 635 1932 in
659 1889 763 1950 usum3
787 1891 854 1934 nam
876 1891 912 1934 ex
934 1873 1078 1954 sepulcris
1100 1890 1173 1952 pro-

133 1994 212 2055 lecto
247 2009 334 2054 nemo
366 1995 432 2052 erat
462 1991 606 2052 exiturus.
657 1990 791 2052 Panoilra
825 1991 859 2052 ll.
894 1991 965 2066 vll,
998 1987 1172 2052 beluinam

134 2110 256 2172 exhibet
278 2128 314 2170 ox
336 2107 414 2170 Mus.
428 2106 505 2170 ·PCl.
529 2107 566 2186 ΙΙ,
588 2103 611 2167 2
645 2111 770 2187 virginis
791 2110 907 2171 labrum
929 2111 1068 2186 tenentis,
1092 2109 1172 2186 quod

132 2230 277 2290 ardanion
300 2227 444 2304 appellum
462 2229 491 2286 in
515 2245 574 2305 quo
597 2227 662 2287 iure
684 2229 809 2288 miratur
830 2227 1009 2289 Letronnius
1028 2227 1170 2304 (prem.

135 2341 228 2420 1833.
252 2365 283 2425 p.
305 2339 397 2425 410),
419 2363 487 2406 eum
511 2363 568 2405 non
597 2347 783 2422 meminisse,
817 2345 887 2406 illud
920 2365 971 2406 vas
998 2345 1172 2406 recentioris

133 2465 257 2528 artificis
278 2481 354 2543 opus
376 2481 442 2525 esse
464 2465 617 2542 antiquam
637 2467 765 2524 statuam
788 2464 946 2524 restituere
968 2465 1076 2524 eonati.

489 2625 820 2650 m

618 2727 693 2810 §2

594 2872 707 2942 Pocula

134 3043 284 3104 communi
306 3040 426 3100 nomine
447 3035 620 3122 ἐκπώματα
642 3047 672 3102 et
694 3043 830 3126 ποτήρια
852 3040 989 3101 dicebant
1010 3003 1126 3116 Graeci3
1144 3057 1171 3098 v.

134 3159 207 3223 Poll.
231 3158 283 3240 Vl,
305 3153 366 3238 953
389 3158 498 3220 Athen.
522 3157 577 3232 ΧΙ,
598 3154 671 3218 460.
725 3160 782 3220 llio
805 3159 930 3220 maxime
951 3156 1112 3216 formarum
1142 3159 1173 3216 et

133 3279 287 3338 nominum
309 3277 447 3338 varietas.
491 3273 659 3336 Deformis
682 3276 769 3336 liceat
791 3276 862 3339 illud
885 3292 1016 3352 monere,
1045 3273 1171 3332 llorente

133 3392 262 3456 Graeciae⁴
277 3398 365 3456 etate
388 3393 493 3472 pocula
526 3393 588 3454 lere
614 3391 712 3457 δίωτα
738 3394 829 3455 inisse
856 3395 901 3472 (v.
923 3393 992 3454 Alb.
1026 3384 1101 3466 488,
1123 3389 1170 3470 h),

135 3531 192 3573 non
216 3514 324 3573 desunt
347 3516 444 3572 tumen
468 3529 525 3570 una
548 3516 600 3572 ant
622 3512 702 3573 nulla
725 3529 796 3574 ansa
819 3513 973 3572 instructa.
1018 3509 1050 3570 ln
1075 3508 1169 3568 nomi-

133 3628 221 3691 nibus
243 3630 390 3707 imprimis
412 3632 544 3706 tempore
565 3630 775 3710 distinguenda
797 3634 876 3692 sunt.
931 3627 1005 3688 Nam
1035 3626 1169 3706 quodam

132 3751 251 3810 nomina
274 3748 311 3809 ab
334 3745 465 3806 Homero
486 3751 629 3824 usurpata
651 3748 691 3808 ita
721 3753 823 3828 postea
846 3745 979 3808 obsoleta
1002 3748 1107 3820 erant,
1136 3749 1170 3804 ut

133 3867 204 3928 nilril
229 3884 287 3926 non
321 3865 517 3926 coniectando
549 3864 683 3926 ellioeret
716 3866 975 3943 grammaticorum
1008 3862 1168 3936 subtilitas,

131 3984 204 4044 nihil
241 4002 298 4044 non
326 3982 383 4042 sibi
417 3981 506 4041 linere
538 3985 656 4059 putaret
689 3987 843 4060 puetarum
875 3982 1012 4043 eruditio.
1068 3979 1169 4057 erere

130 4119 222 4178 quum
245 4102 283 4162 de
305 4117 408 4160 eorum
431 4097 534 4160 lormis
557 4103 608 4158 ant
630 4098 702 4158 nihil
725 4104 777 4160 ant
799 4117 945 4176 perpenna
963 4100 1167 4176 delinirepos·
