2906 4716
788 243 810 306 6

284 461 317 516 ut
339 453 418 533 opud
438 451 618 514 Mexioanos.
675 447 785 508 Verum
817 445 902 505 uuiee
925 447 1079 510 abundant
1099 449 1150 508 teli
1174 452 1256 528 eopia
1279 468 1323 510 eae

284 577 386 647 terra,
420 569 469 632 ubi
492 567 559 630 itaii
582 571 613 628 et
634 565 729 628 Graeci
751 564 931 626 habitarunt.
976 565 1088 627 Graeoia
1111 567 1231 645 quidem
1257 570 1324 647 ipsa

285 689 407 773 neofita
430 689 550 766 penitus
573 686 738 765 perquisita
760 687 823 780 est3
844 683 897 743 sed
921 702 958 744 ne
980 686 1048 762 quis
1070 685 1187 746 dubitet
1208 687 1245 746 de
1267 687 1323 750 hae

284 825 332 883 re,
355 809 429 868 satis
450 805 543 868 muita
562 803 721 883 prohibent
746 801 898 880 exempia3
931 819 968 861 er
990 802 1098 879 quihus
1120 823 1213 866 unum
1235 803 1323 866 suifi-

282 923 481 1001 pistatione,
504 917 601 1005 σορὸν
622 921 786 1003 κεραμέαν
807 917 933 982 Athenis
955 921 1114 1001 inventam,
1137 921 1225 1001 quarn
1248 924 1323 985 deii·

285 1043 383 1104 neovit
404 1039 645 1118 Staoheibergius
666 1040 696 1100 io
719 1037 795 1098 libro
817 1039 855 1099 de
876 1038 1022 1116 sepulcris
1033 1013 1220 1121 Graecorum,
1243 1042 1321 1116 (tob.

282 1153 331 1240 8),
354 1160 404 1222 uhi
428 1161 539 1221 oiroum
562 1159 647 1237 pueri
669 1157 811 1234 reliquias
833 1157 952 1218 inventa
966 1162 1037 1219 sunt
1050 1161 1132 1220 vario
1148 1175 1217 1220 vasa
1234 1177 1325 1221 aecu-

284 1283 349 1340 rate
370 1279 524 1357 disposita.
558 1260 654 1337 Docet
674 1274 752 1336 idem
774 1273 929 1335 Strabonis
950 1275 1034 1336 iocus
1057 1276 1094 1337 de
1116 1276 1233 1338 colonia
1248 1275 1323 1338 i'uiia

285 1394 433 1472 Corinthi,
454 1395 506 1456 ubi
529 1395 636 1473 tradit,
659 1411 752 1454 novos
774 1392 897 1454 colonos
918 1395 1031 1454 eversis
1053 1395 1198 1474 sepnieris
1219 1396 1324 1472 ingen·

241 1549 252 1568 κ
284 1521 345 1576 tem
367 1517 427 1576 vim
449 1529 609 1575 aeneorum
631 1517 662 1572 et
683 1509 820 1574 fictitium
838 1528 976 1572 vasorum
991 1512 1150 1592 invenisse,
1173 1512 1324 1572 Romanos

284 1637 403 1711 autern,
425 1651 485 1711 quo
507 1633 609 1692 essent
630 1629 816 1708 antiquitatis
838 1629 956 1708 studio,
978 1629 1080 1714 fictitia
1102 1631 1206 1692 eodem
1227 1631 1324 1708 pretio

284 1751 425 1813 hahuisse
457 1753 548 1828 atque
580 1765 693 1824 aenea,
737 1747 831 1808 donee
863 1717 1015 1824 quassandi
1048 1749 1168 1808 taedium
1200 1749 1324 1809 colonos

285 1873 422 1948 caperet,
444 1885 538 1947 quum
559 1868 617 1928 iam
640 1883 698 1926 non
722 1866 837 1942 integra
858 1883 943 1942 vasa,
971 1866 1024 1926 sed
1045 1864 1209 1944 iragmento
1229 1870 1325 1926 tosto-

285 2003 352 2046 runr
385 1986 597 2064 reperirentur.
650 1981 824 2041 Adscribam
852 1981 942 2042 verba
977 1985 1059 2062 eins,
1096 2002 1163 2061 quae
1190 1991 1261 2046 sunt
1293 1985 1324 2044 in

286 2103 363 2164 libro
385 2099 473 2178 vlit,
507 2119 536 2178 p.
557 2090 623 2158 216
650 2097 783 2158 Tauehn.
831 2097 881 2160 Τά
908 2095 1035 2180 ἐρείπια
1061 2100 1236 2174 κινοῦντες,
1270 2104 1325 2164 καὶ

286 2211 359 2295 τοῦς
380 2216 500 2298 τάφους
521 2213 854 2290 σννανασκάπτοντες,
889 2212 1032 2296 ,εὕρισκον
1052 2209 1248 2299 άστρακλνων
1268 2239 1325 2280 το-

286 2336 450 2421 ρευμάτων
470 2332 593 2419 πλήθη,
615 2329 724 2398 πολλά
746 2330 782 2396 ds
802 2335 857 2396 καὶ
875 2331 1082 2414 χαλκώματα·
1100 2333 1325 2417 θαυμάζοντες

287 2453 324 2518 δὲ
352 2451 409 2542 τὴν
436 2451 646 2536 κατασκευήν,
680 2446 801 2517 οάάένα
829 2451 936 2536 τάφον
963 2446 1180 2534 άσκενάρηιον
1200 2454 1325 2528 εἴασαν,

285 2573 372 2650 ὥστε,
399 2567 631 2656 εὐπορήσαντες
657 2571 720 2660 τάν
747 2567 894 2636 τοιούτων
920 2573 974 2634 καλ
995 2568 1220 2652 διατιθέμενοι
1239 2570 1321 2636 πολ·

286 2691 358 2765 λοῦ,
389 2685 670 2771 Νεκροκορινθλων
699 2685 889 2770 ἐπλήρωσαν
917 2687 973 2769 τῆν
1001 2686 1127 2773 Ράμην·
1153 2686 1233 2754 οὕτω
1259 2685 1324 2771 γάρ

204 2831 214 2862 ι
287 2804 425 2870 ἐκάλουν
455 2801 495 2869 τά
523 2803 559 2868 ἐκ
587 2807 648 2871 τάν
677 2803 790 2888 τάφων
819 2803 1004 2887 ληφθέντα,
1042 2808 1097 2868 καλ
1123 2805 1265 2888 μάλιστα
1286 2802 1327 2870 τά

286 2921 468 3006 ὀστράκινα.
520 2918 595 2986 Κατ’
618 2917 721 3004 άρχάς
741 2925 801 3004 μὲν
822 2915 880 2986 οὖν
901 2920 1038 3007 ἐπμήθη
1060 2922 1189 3006 σφόδρα
1209 2919 1325 3006 riparius

287 3052 351 3117 τοῖς
371 3039 558 3124 χαλκώμασι
580 3049 643 3117 τοῖς
664 3041 959 3122 Κορινθιουργέσιν,
992 3037 1046 3128 εἶτ’
1068 3038 1251 3106 ἐπαύσαντο
1273 3042 1326 3124 τῆς

287 3158 441 3244 σπονδῆς,
471 3157 665 3241 ἐκλιπόντων
685 3159 747 3223 πᾶν
767 3154 938 3240 ὀστράκων,
971 3161 1027 3221 καὶ
1046 3154 1122 3224 οὐδὲ
1142 3162 1325 3242 κατορθου-

287 3281 393 3360 μένων
415 3277 475 3342 τάν
495 3275 661 3340 πλείστων.

372 3395 549 3458 Mensernnt
570 3395 658 3455 etiam
683 3400 802 3476 postea,
826 3411 917 3472 quum
940 3397 1050 3456 mortui
1072 3395 1204 3458 comburi
1226 3397 1325 3473 ooepti

287 3520 399 3596 essent,
422 3513 502 3574 iilius
525 3513 774 3589 morishvestigia.
811 3511 877 3572 Non
900 3511 1007 3590 loquor
1029 3513 1066 3573 de
1087 3515 1221 3574 cinerum
1243 3515 1326 3574 urnis

288 3634 318 3692 in
341 3631 452 3709 tugurii
475 3631 605 3709 speeiem
627 3628 715 3710 fictis,
739 3630 841 3709 quales
863 3633 892 3691 in
912 3629 998 3691 Latio
1021 3631 1146 3692 inventae
1168 3635 1239 3691 sunt
1250 3627 1324 3708 (vid.

287 3747 415 3809 Marois:
438 3748 498 3808 Les
522 3747 632 3810 Ruines
654 3748 691 3808 de
713 3747 848 3829 Pompei,
871 3748 908 3812 ΙΙ.
931 3767 958 3827 p.
979 3744 1057 3831 34);
1092 3749 1146 3808 sed
1169 3750 1324 3810 inveniun-

289 3866 390 3925 turin
414 3865 491 3924 vasis
513 3869 621 3942 praeter
643 3883 711 3927 ossa
742 3871 772 3927 et
795 3867 910 3926 eineres
933 3867 1081 3928 interdum
1104 3865 1169 3926 aiiae
1191 3866 1324 3944 quadam

288 3999 350 4058 res,
373 3985 405 4042 ut
428 3983 506 4059 apud
530 3987 647 4043 nostros
670 3985 799 4045 maiores
820 3985 927 4061 aculei,
950 3983 1072 4061 globuli,
1095 3983 1171 4064 aiia3
1199 3983 1324 4044 Athenis

290 4105 387 4160 autern
416 4101 445 4159 in
474 4099 626 4160 notissima
660 4101 706 4160 iiia
740 4101 882 4177 amphora
910 4100 1071 4180 Burgonis‚
1111 4119 1199 4179 quaro
1232 4102 1323 4162 edidit
