2906 4716
779 241 825 310 82

155 467 157 474 ·
286 451 381 516 nodia
415 454 529 512 omtera
561 447 709 512 inclusum
736 445 843 526 frigida
870 462 948 525 aqua
976 446 1067 510 inerit
1096 447 1328 512 circumdatum.

286 569 348 632 Noc
370 573 470 630 tamen
493 567 632 646 equidem
654 565 843 646 repugnabo,
876 566 902 628 si
930 567 998 644 quis
1026 565 1063 628 ad
1091 583 1178 628 usum
1203 584 1328 645 prorsus

286 687 468 750 contrarium
490 685 657 748 adhibitum
678 684 845 765 putaverit,
867 683 904 748 ad
926 683 1150 758 calfaciendum,
1173 702 1253 762 aqua
1274 701 1329 748 oa·

286 805 345 868 lida
375 806 476 866 vinum
498 803 626 867 aliumve
647 803 794 882 liquorem
826 802 990 879 ambiente,
1023 819 1092 880 qum
1124 821 1161 862 ne
1195 803 1327 884 calorem

288 925 450 1002 amitteret,
474 923 542 1000 igno
553 922 687 986 subiecto
699 921 797 986 caveri
819 923 947 998 poterat.
990 918 1054 984 Hoc
1071 925 1170 983 tamon
1187 921 1328 1002 monebo,

287 1041 401 1104 nullum
423 1041 543 1102 omnino
565 1038 696 1118 fuliginis
707 1039 865 1116 vestigium
882 1039 912 1098 in
932 1055 1002 1101 vase
1020 1056 1175 1118 apparere.

708 1234 739 1302 3.
781 1241 901 1315 Atros

288 1413 305 1459 o
327 1391 430 1468 uersu,
453 1396 487 1456 ut
507 1389 596 1470 κύλιξ
615 1409 633 1456 a
654 1389 798 1466 evitado,
820 1390 898 1453 male
913 1391 992 1472 apud
1004 1391 1182 1455 Albenaeum
1193 1393 1331 1472 aliosque

288 1511 392 1587 δεῖνος
413 1511 563 1589 scribitur,
586 1527 677 1588 quum
700 1510 749 1572 illc
771 1508 864 1573 lorma
886 1514 918 1572 et
939 1511 1017 1588 apud
1030 1509 1182 1576 Pollucem
1203 1515 1235 1572 et
1257 1511 1331 1574 Ari·

289 1629 464 1708 stophanem
482 1629 523 1696 ,in
552 1627 770 1706 probatissimis
797 1627 880 1690 libris
912 1631 1002 1692 extet.
1045 1627 1140 1692 Docet
1165 1627 1330 1708 Dionysius

289 1747 458 1826 Tryphonis
486 1745 505 1806 l.
527 1746 605 1826 apud
633 1745 704 1807 Alb.
727 1743 792 1819 xl,
813 1740 888 1824 50⁶3,
915 1760 948 1808 n:
981 1740 1038 1810 cdv
1060 1748 1168 1827 ψυγέα
1189 1743 1331 1810 indm

289 1861 321 1930 oi
348 1861 476 1949 α’ρχατοι
506 1861 613 1942 divom
646 1865 724 1927 idem
752 1863 830 1941 opud
856 1863 1007 1928 Pollucem
1036 1864 1183 1948 vidimus3
1216 1867 1329 1943 repelli

289 1986 379 2048 etium
401 1983 517 2049 Suidos.
567 1981 641 2067 Erat
663 1982 754 2059 igitur
776 1978 864 2056 δτνος
886 2001 944 2048 non
967 1981 1121 2061 poculum,
1156 1983 1208 2046 sed
1231 1984 1331 2046 maius

291 2119 342 2170 rus
371 2119 485 2168 morum
507 2101 608 2163 vinum
636 2117 694 2162 nou
723 2117 777 2178 per
804 2099 923 2177 longum
953 2105 1070 2178 tempus
1099 2117 1240 2180 servans,
1275 2101 1333 2162 sed

291 2235 363 2283 usus
381 2235 471 2286 causa
486 2218 648 2280 sustineus.
691 2217 928 2295 Magnitudinem
944 2203 1064 2298 quoque
1085 2219 1236 2297 ridemus3
1259 2235 1330 2280 nam

291 2339 321 2398 in
350 2336 385 2400 ir.
409 2336 543 2414 Dionysii
572 2333 746 2414 Sinopensis
776 2353 822 2414 ap.
844 2336 914 2397 Alb.
937 2335 999 2414 XI,
1020 2331 1096 2414 467,
1118 2337 1147 2398 d.
1171 2341 1219 2398 est
1240 2333 1331 2412 δτνος

288 2458 390 2538 μέγας
408 2456 518 2539 χωρῶν
537 2451 699 2537 perprimo.
741 2452 775 2514 ln
794 2453 946 2532 Aristopb.
961 2454 1068 2533 vespis
1089 2449 1153 2517 618
1176 2453 1329 2516 Philocleo

289 2575 361 2636 dum
382 2591 470 2634 suum
491 2572 600 2634 habeat
620 2569 699 2636 ὄνον
721 2576 764 2645 (r.
776 2589 859 2650 supr.
878 2591 907 2650 p.
923 2564 983 2646 58)
1004 2574 1065 2637 vini
1088 2571 1218 2650 plenum,
1240 2590 1329 2650 sper·
1414 2633 1418 2641 f

290 2693 335 2756 nit
355 2691 408 2750 filii
430 2687 538 2767 divom·
571 2689 703 2768 intelligo
726 2691 821 2753 maius
842 2691 903 2752 vini
924 2707 991 2769 vas,
1024 2691 1104 2754 uude
1125 2691 1179 2752 toti
1207 2688 1331 2754 familias

290 2808 478 2871 distribuitur
499 2808 619 2885 riuum,
653 2807 739 2871 ouius
760 2783 937 2885 potestatem
959 2807 1049 2872 babet
1069 2807 1161 2872 lilius.
1215 2807 1332 2870 Similis

291 2941 364 2986 usus
385 2927 449 2986 erat
468 2921 555 2990 divor)
576 2923 656 2986 illius
679 2925 708 2992 iu
730 2927 956 3009 ppormorppip
968 2925 1100 2990 Socratis
1113 2924 1207 2998 (Nub.
1217 2919 1330 2998 1473).

289 3041 358 3102 Alia
378 3041 512 3125 exempla
533 3041 593 3104 vid.
615 3060 662 3120 ap.
678 3043 862 3132 *Albenaum
884 3042 905 3106 l.
925 3043 946 3105 lt
968 3074 1010 3088 -
1032 3043 1163 3108 Socratis
1185 3042 1237 3105 ills
1259 3042 1330 3104 vilis

291 3164 322 3220 et
344 3164 493 3222 testaceus
514 3159 586 3242 iuit;
619 3161 672 3222 sed
694 3165 728 3222 ut
748 3166 880 3240 psyoter,
914 3161 955 3220 ita
977 3160 1065 3223 dinus
1086 3161 1235 3226 interdum
1257 3179 1331 3238 prs-

291 3278 493 3357 tissimum,
515 3282 547 3343 ut
569 3282 728 3356 argenteus
744 3279 874 3356 ap.Ath.
885 3273 960 3357 461,
972 3297 998 3342 e.
1042 3277 1118 3344 Nam
1140 3279 1220 3358 quod
1238 3297 1330 3358 psyc-

291 3402 354 3456 tera
384 3399 415 3454 et
442 3381 532 3458 dicon
567 3395 695 3458 eundem
723 3413 789 3456 esse
822 3397 939 3476 dicunt,
973 3397 1031 3460 boc
1063 3397 1100 3458 ad
1134 3415 1221 3462 usum
1254 3401 1331 3474 puto

291 3511 485 3574 referendum
500 3527 582 3589 essu;
604 3511 698 3580 torma
718 3515 784 3574 sine
805 3513 896 3574 dubio
918 3517 1034 3576 diversa
1057 3514 1123 3578 luit.
1184 3545 1187 3550 ·

248 3663 251 3671 .
376 3629 410 3692 ln
433 3629 600 3692 delinienda
621 3628 715 3691 iormu
737 3629 827 3692 buius
849 3635 927 3694 vasis
950 3651 1008 3694 nou
1031 3650 1103 3698 saue
1125 3632 1254 3694 multum
1274 3632 1330 3692 ad·

290 3765 413 3808 uramur
434 3766 451 3808 a
473 3746 615 3810 Strattide
637 3766 683 3826 ap.
706 3748 775 3812 Ath.
793 3745 868 3824 467,
892 3769 920 3830 e,
957 3753 1010 3828 qui
1034 3749 1173 3832 Creontis
1194 3750 1329 3828 sinciput

291 3867 444 3942 comparat
465 3861 542 3948 dirps
563 3868 638 3946 περὶ
657 3864 743 3932 κάτω
764 3870 975 3954 τετραμμένῳ,
1001 3869 1143 3944 quoniam
1165 3869 1330 3945 nescimus,

291 3980 379 4058 qualo
401 3978 538 4040 Creontis
564 3983 694 4061 sinciput
722 3983 821 4045 luerit.
873 3985 948 4048 Nam
975 3986 1032 4048 hoc
1061 3985 1183 4064 quidem
1211 3989 1331 4048 certum

290 4102 348 4174 est,
369 4095 494 4158 iormam
516 4099 887 4180 capittsspecutamesse‚
909 4103 1012 4162 eadem
1035 4102 1096 4166 lere
1118 4103 1246 4178 ratione,
1267 4119 1331 4178 qua
