2906 4716
659 229 700 296 ut

576 315 800 330 m

159 433 298 496 Pauoilte
321 431 428 505 (Roob.
453 432 494 512 V,
516 428 577 512 22]
600 433 887 516 θερμοποτίδα
906 435 1052 516 appellat,
1076 436 1203 498 obscuro

159 555 303 630 nomios,
337 553 416 630 quod
450 555 566 614 tantum
598 553 676 630 apud
710 555 920 631 grammaticos
950 555 1109 617 invenitur.
1164 553 1202 616 lli

159 689 237 732 aero
258 671 316 732 boo
337 687 457 750 nomen,
478 675 583 750 utpote
604 670 693 748 vulgo
717 675 836 746 uotum,
872 689 929 732 nou
953 672 1117 754 explicant,
1151 672 1203 734 sod

161 793 294 851 utuntur
316 807 352 850 co
374 761 412 852 sd
433 789 489 849 alia
512 790 612 866 ignota
633 805 703 850 vasa
726 788 908 867 explicanda.
942 791 1043 866 Quare
1066 791 1203 869 loculis,

156 925 242 987 quos
264 908 337 968 citat
360 905 509 982 Pauoila,
532 907 641 984 quibus
662 905 730 968 addi
753 911 866 986 potest,
891 910 916 969 si
940 907 1023 986 tibet,
1046 908 1144 970 Schol.
1167 909 1203 970 od

163 1028 218 1088 Aa.
240 1025 315 1088 dola.
337 1019 418 1104 671,
451 1024 525 1086 nihil
554 1026 673 1086 omnino
703 1025 895 1102 adiuvamur,
929 1028 986 1087 nisi
1015 1025 1092 1087 torte
1115 1026 1204 1087 Pam·

162 1145 239 1224 phili
262 1143 360 1204 verbis
381 1161 429 1222 ap.
453 1143 523 1206 ΙΙΙ).
548 1141 608 1219 ΙΙΙ,
630 1137 710 1224 475,
734 1143 769 1204 d:
803 1144 937 1228 λολέβην
957 1163 1024 1206 esse
1046 1140 1082 1209 τὸ
1103 1141 1203 1229 ποτή·

163 1283 237 1345 prov
269 1259 492 1345 θερμοποτίδα
524 1261 732 1346 καλουμένην.
796 1261 912 1340 Quodsi
946 1267 1030 1324 recte
1061 1263 1204 1342 suspicati

166 1398 271 1443 sumus
293 1374 420 1459 (pssct),
443 1381 576 1464 κελέβην
598 1399 664 1442 esse
686 1399 843 1459 procerum
864 1381 1015 1461 poculum,
1038 1382 1127 1442 etiem
1151 1399 1203 1440 uo-

166 1517 234 1560 men
256 1501 454 1581 θερμοποτλς
475 1516 639 1578 congruere
661 1500 788 1577 ridetur,
812 1502 831 1560 i.
856 1518 883 1562 e.
907 1519 958 1562 vas
980 1518 1098 1580 raquo
1121 1500 1204 1560 calda

168 1617 290 1678 bibitur.
334 1616 410 1678 illud
432 1634 502 1678 aero
525 1615 664 1678 Panoilae
686 1635 737 1678 ras
760 1636 818 1678 non
840 1620 877 1680 ad
900 1619 1069 1698 bibendum,
1093 1619 1144 1680 ssd
1167 1620 1203 1680 ad

167 1735 355 1815 coquendum
378 1741 480 1814 aptum
502 1739 558 1816 esi,
581 1753 673 1816 qrrare
695 1736 783 1798 ollam
805 1737 904 1798 dicere
926 1737 1032 1798 ausim.

521 1933 553 1998 3.
597 1933 845 2023 Θορμοτντηρ.
905 1943 907 1950 ‘

250 2089 316 2150 lam
338 2089 475 2168 vidimus,
509 2093 618 2168 quauta
640 2107 711 2152 cura
734 2089 824 2152 luerit
845 2090 975 2168 antiquis
997 2089 1057 2150 riui
1082 2088 1204 2167 refrige-

167 2208 269 2287 randi3
313 2227 367 2270 neo
388 2209 418 2268 in
442 2207 535 2268 calida
559 2209 678 2286 potione
698 2210 797 2270 minor
818 2209 873 2270 luit
895 2227 982 2285 cura,
1006 2213 1039 2270 ut
1061 2225 1137 2285 aqua
1159 2208 1205 2268 vel

168 2327 227 2387 cito
249 2325 361 2388 caleret
383 2326 427 2386 rel
450 2325 544 2386 calida
568 2331 710 2388 manerat.
753 2327 840 2388 Hunc
871 2328 900 2386 in
926 2326 1015 2386 finem
1039 2343 1106 2385 vasa
1130 2324 1205 2386 iacta

167 2448 239 2504 suut
266 2461 346 2523 saepe
373 2445 531 2506 admodum
559 2443 730 2507 artificiosa.
779 2445 942 2504 Audiamus
971 2443 1113 2504 Senecam
1136 2442 1204 2504 Nat.

170 2560 286 2640 uuest.
310 2561 365 2640 ΙΙΙ,
395 2558 448 2625 24.
505 2533 637 2623 “Facere
659 2563 791 2624 solemus
811 2563 954 2622 dracones
977 2565 1007 2621 et
1029 2560 1154 2620 miliaria
1175 2565 1207 2622 ci

169 2681 338 2759 complures
362 2680 490 2757 formas,
530 2682 560 2741 in
589 2681 699 2760 quibus
725 2699 783 2742 acre
810 2682 893 2742 tenui
920 2679 1037 2742 listulas
1062 2680 1206 2740 struimus

169 2817 223 2878 per
244 2800 356 2861 declive
381 2801 595 2878 circumdatas,
630 2805 663 2861 ut
688 2818 767 2880 saepo
795 2799 921 2862 eundem
948 2801 1046 2878 iguem
1073 2797 1206 2859 ambiens

170 2935 246 2996 aqua
269 2937 323 2997 per
344 2923 459 2979 tantum
481 2918 554 2980 lluat
577 2920 681 2997 spatii,
703 2923 848 2998 quantum
870 2917 1025 2980 efficiendo
1048 2917 1137 2978 calori
1159 2919 1206 2976 sat

170 3041 231 3117 estp
265 3035 371 3115 irigida
394 3039 494 3116 itaque
517 3037 623 3115 intrat,
651 3036 747 3098 eilluit
769 3037 892 3098 calida’t
936 3035 994 3096 Sed
1017 3054 1054 3095 ne
1075 3035 1133 3094 hoc
1154 3051 1205 3094 so·

169 3154 229 3215 lurn
252 3171 347 3232 genus
369 3153 462 3215 luisse
484 3160 640 3234 putemus,
670 3153 816 3233 Pompeiis
839 3156 991 3214 inventum
1010 3155 1060 3212 est
1081 3169 1206 3212 aeneum

171 3289 221 3332 vas
245 3273 281 3332 iis
303 3271 462 3349 machinis,
499 3272 607 3351 quibus
632 3273 721 3332 hodie
750 3273 863 3332 utimur
890 3269 925 3332 ad
953 3289 1059 3348 aquam
1081 3269 1206 3332 calidam

169 3390 356 3464 servandam,
380 3389 575 3470 simillimum,
597 3389 725 3450 ullerc.
748 3393 779 3450 et
801 3387 903 3467 Pomp.
927 3388 978 3466 Vl,
1001 3382 1059 3466 773
1083 3387 1206 3449 Becker.

169 3505 245 3570 Gall.
267 3507 313 3590 ΙΙ,
340 3526 369 3587 p.
393 3503 470 3589 175,
500 3507 560 3570 tab.
583 3503 620 3586 4,
649 3527 677 3570 n.
702 3503 750 3568 ltl.
805 3505 916 3568 Fistula
943 3507 1039 3568 media
1064 3505 1206 3568 carbones
1273 3507 1279 3522 '

171 3627 334 3706 continuit,
369 3643 420 3687 ras
445 3627 576 3688 exterius
601 3644 719 3704 nquam.
776 3625 843 3701 Quo
875 3626 994 3685 nomine
1019 3622 1118 3684 Latini
1148 3621 1207 3686 tals

171 3762 222 3805 ras
244 3745 474 3824 appellaverint,
495 3745 685 3825 ,ignoramus3
728 3743 781 3804 sed
803 3743 920 3804 videtur
942 3747 1023 3803 recte
1044 3742 1206 3803 caldarium

170 3861 312 3940 appellari
336 3879 440 3940 posse,
474 3879 540 3941 quae
567 3879 623 3922 rox
650 3861 798 3940 siguificat
819 3861 917 3921 locum
939 3862 969 3920 iu
993 3860 1122 3934 balneis,
1154 3861 1206 3937 qui

171 3997 277 4057 aquarn
300 3978 425 4040 calidam
448 3979 547 4040 habet.
603 3979 753 4041 fleckerus
775 3978 908 4040 Graecurn
936 3997 1043 4040 nomeu
1069 3993 1206 4057 quaereus

171 4096 366 4179 ἰπνολέβητα
387 4099 517 4174 vocavit,
550 4098 708 4160 admodum
736 4097 900 4159 infeliciter.
944 4097 1106 4158 Finxeruut
1126 4096 1206 4157 cuim
