2906 4716
622 270 645 333 3

112 479 253 560 buerunt,
279 481 325 540 tot
348 475 439 537 libros
461 476 497 536 de
520 477 556 536 iis
579 477 774 557 scripserunt,
800 481 845 538 tot
867 480 1010 558 imagines
1032 483 1152 560 evulga-

112 601 192 676 runt,
215 599 250 658 ut
274 595 324 658 lric
346 595 372 654 si
393 610 520 672 usquam
540 593 698 654 videantur
711 593 818 687 ‘omnia
834 595 923 675 plana
944 615 1012 660 esse
1033 599 1151 662 debere.

110 713 150 774 Et
170 717 254 796 sunt,
287 715 346 773 nisi
374 711 476 791 fallor,
512 712 599 771 modo
628 729 665 772 ne
694 713 788 773 nodus
817 714 846 773 in
869 715 968 794 scirpo
990 724 1151 795 quaeratur.

112 831 168 892 Sed
195 835 269 893 simi
297 831 417 910 quidam
447 833 528 892 tanta
555 831 747 908 antiquorum
774 831 928 894 hominum
956 835 1152 897 admiratione

111 951 226 1030 imbuti,
250 954 286 1011 ut
308 967 341 1010 se
364 967 421 1009 nou
444 949 541 1010 solum
563 947 672 1010 litteris
694 953 725 1009 et
747 949 872 1031 artibus,
894 951 946 1012 sed
961 953 1050 1015 etiam
1064 955 1151 1033 nugis

111 1071 140 1128 et
161 1069 287 1146 ineptiis
310 1068 347 1129 ab
369 1070 406 1128 iis
429 1071 585 1145 superatos
607 1081 674 1128 esse
697 1067 804 1149 velint,
835 1086 947 1148 easque
969 1071 1007 1131 iis
1029 1078 1150 1132 senteu-

111 1185 165 1246 tias
179 1186 333 1265 tribuant,
356 1203 429 1265 quas
452 1204 548 1264 noque
570 1185 626 1264 ipsi
648 1183 859 1268 intellexerint,
882 1205 980 1268 neque
993 1191 1151 1268 quisquam

112 1303 278 1384 intelligere
300 1307 405 1384 possit.
450 1304 490 1364 Hi
512 1321 621 1364 1111111
643 1305 865 1386 mysteriorum,
901 1325 969 1385 qum
991 1325 1028 1367 ne
1050 1308 1148 1368 verbis

111 1422 230 1499 quidem
253 1423 354 1500 eloqui
376 1422 421 1483 tas
443 1425 524 1502 erat,
557 1439 612 1499 per
633 1422 776 1500 imagines
798 1422 929 1500 profanis
950 1423 1031 1503 vulgi
1054 1425 1148 1486 oculis

112 1543 260 1616 expositas
293 1541 461 1618 vilibusque
494 1539 524 1599 in
558 1537 656 1600 ollulis
687 1541 784 1618 pictas
817 1544 846 1602 in
882 1541 946 1603 loro
978 1545 1149 1622 prostitisse

111 1661 224 1733 putant.
280 1657 320 1720 Hi
342 1657 416 1718 nihil
438 1658 541 1719 sinunt
563 1656 684 1735 opifices
706 1659 897 1739 simpliciter,
929 1661 1002 1722 nihil
1025 1666 1149 1724 ornatus
1192 1695 1196 1707 ·

112 1790 196 1836 causa
212 1774 328 1850 lacere,
352 1775 426 1836 nihil
450 1794 506 1836 non
529 1775 664 1836 obscuris
687 1775 865 1852 quibusdam
886 1778 1052 1840 rationibus
1074 1781 1148 1841 duc-

113 1895 174 1973 tos3
196 1898 230 1954 ut
252 1895 402 1956 interdum
426 1895 521 1954 exiis
544 1910 677 1972 quaerere
699 1891 800 1974 111111,
825 1911 923 1954 nonne
938 1911 1042 1956 omnes
1056 1897 1147 1958 risuri

112 2015 224 2088 assent,
259 2029 358 2072 nonne
380 2013 438 2091 ipsi
460 2015 561 2072 essent
584 2012 690 2089 risnri,
724 2011 750 2070 si
772 2014 840 2090 quis
861 2012 967 2093 hodie,
1000 2031 1093 2094 quum
1115 2015 1146 2075 in

113 2129 213 2203 poculo
246 2127 348 2190 villam
379 2131 508 2209 aliquam
542 2130 651 2208 pictam
684 2129 864 2211 invenisset,
900 2135 1036 2210 putaret,
1068 2132 1146 2194 villae

112 2243 259 2308 dominum
276 2249 366 2308 etiam
383 2247 482 2326 poculi
496 2239 573 2323 esse,
597 2249 649 2306 ant
667 2265 758 2324 quum
776 2247 881 2308 florem
903 2247 1032 2310 effictum
1055 2251 1147 2311 vidis·

111 2365 164 2442 set,
185 2383 255 2426 eum
277 2365 390 2426 diceret
410 2365 577 2444 significare
599 2364 753 2424 llorentem
776 2351 1005 2427 adolescentiam
1024 2368 1145 2430 domini.
1228 2406 1230 2414 ,
1272 2350 1277 2357 ¹

111 2476 188 2541 Talia
220 2485 267 2544 sic
301 2485 379 2545 nude
410 2485 506 2562 posita
540 2481 628 2543 lacile
659 2481 812 2562 ridentur,
856 2501 959 2542 verum
993 2483 1042 2544 ubi
1076 2503 1144 2546 cum

111 2613 213 2676 magno
235 2602 380 2663 doctrinae
402 2605 544 2680 apparatu
566 2597 769 2679 proteruntur,
791 2600 889 2660 minus
906 2605 1058 2679 apparent.
1082 2601 1145 2664 Nec

113 2717 205 2778 tamen
233 2721 319 2800 parvi
345 2689 514 2780 lrabendum
543 2723 606 2796 est,
640 2718 665 2778 si
692 2717 765 2777 tales
793 2735 912 2780 errores
940 2719 1046 2780 animis
1069 2721 1144 2782 insi-

112 2832 206 2917 deant,
239 2839 266 2898 si
289 2857 326 2898 ex
347 2837 397 2898 illo
420 2837 547 2916 populo,
581 2853 670 2915 quem
693 2853 796 2895 omnes
819 2837 1015 2914 admiramur,
1048 2839 1143 2918 inepti

111 2953 225 3027 quidam
260 2957 451 3017 minutiarum
483 2957 646 3015 sectatores
666 2952 761 3026 111111.
818 2953 961 3016 Videntur
989 2960 1089 3016 autem
1110 2957 1143 3017 hi

78 3059 80 3063 ’
112 3085 222 3134 errores
247 3069 385 3135 facillime
408 3073 562 3134 sublatum
586 3073 640 3152 iri,
675 3072 701 3131 si
723 3069 848 3149 simplici
871 3055 969 3132 animo
992 3075 1143 3134 11111111-

111 3192 201 3265 ruptis
222 3191 319 3253 oculis
341 3194 406 3271 ipsa
426 3190 547 3251 vascula
569 3189 759 3267 contemplati
782 3187 938 3249 fuerimus.

189 3308 223 3368 ln
248 3311 325 3370 vasis
347 3310 427 3388 prior
448 3310 513 3368 sine
535 3307 625 3368 dubio
647 3311 693 3367 est
715 3307 852 3384 questio,
875 3303 941 3386 quae
958 3307 1028 3386 s'int,
1050 3307 1143 3369 altera

112 3423 212 3498 quibus
236 3427 325 3488 rebus
347 3431 450 3488 ornata
472 3427 540 3488 sint.
574 3423 635 3486 Nos
658 3425 749 3502 igitur
770 3424 825 3498 1111
847 3425 1048 3503 disputatione
1069 3423 1142 3486 illud

111 3545 282 3625 querimus,
305 3563 372 3624 quae
394 3547 454 3606 sint
476 3561 511 3605 ea
532 3541 652 3620 fictilia,
675 3559 802 3620 quorum
825 3545 924 3602 tantus
948 3559 1089 3602 numerus
1111 3543 1141 3602 in

111 3660 253 3737 sepulcris
270 3665 401 3741 antiquis
419 3664 585 3739 invenitur,
607 3661 653 3721 vel
674 3659 782 3737 quibus
802 3677 836 3721 es
856 3658 1025 3719 nominibus
1040 3659 1142 3738 appel-

112 3771 232 3839 laverint
248 3782 362 3860 antiqui
375 3782 443 3859 ipsi.
478 3777 536 3840 Sed
559 3783 717 3856 antequam
740 3777 834 3855 ipsam
856 3795 919 3837 rem
942 3777 1140 3856 aggredimur,

112 3909 228 3957 necesse
250 3899 318 3972 erit,
342 3899 476 3978 quaedam
499 3900 530 3956 et
552 3897 589 3955 de
611 3897 882 3972 universogenere
906 3913 1044 3956 vasorum
1061 3898 1091 3954 et
1104 3895 1142 3954 de

112 4012 220 4074 ratione
242 4015 333 4076 huius
355 4015 490 4094 opusculi
515 4030 643 4074 mouere.

908 4129 916 4176 l
927 4129 939 4156 Ι
