2902 4704
641 682 763 804 Gaout
792 689 980 806 quartum

292 875 346 944 Dc
367 877 459 990 υοείκ
479 899 556 972 quw
576 875 743 946 continent
763 873 914 975 Hquorca
935 831 968 948 et
994 873 1125 946 cibaria
1150 875 1199 945 ad
1222 876 1341 972 iprum
1447 911 1449 932 ι

665 1009 787 1082 utendi
805 1019 946 1106 tempus.

768 1191 843 1269 91.

640 1331 690 1397 lle
712 1331 789 1400 vasis
812 1332 981 1403 lavationis.

658 1507 686 1574 l.
732 1515 954 1600 Λυυτῆρτου

289 1636 336 1692 est
356 1649 421 1705 ves,
443 1632 523 1710 quod
545 1649 653 1710 aquam
675 1629 832 1694 lavationis
854 1635 999 1716 eontinet,
1021 1637 1202 1696 nomentum
1216 1632 1334 1712 vulgati

289 1767 372 1829 usus,
395 1767 484 1830 quam
506 1754 596 1811 certe
617 1749 853 1832 significationis,
876 1757 990 1814 utnon
1016 1753 1159 1831 dubitem,
1182 1752 1255 1830 quin
1279 1769 1333 1812 or·

288 1872 399 1931 raverit
420 1868 526 1929 Pollux
539 1867 604 1946 Vll,
629 1863 701 1948 167,
724 1869 803 1947 quod
826 1871 855 1930 in
878 1870 1014 1951 AEsehyli
1037 1869 1113 1949 loco,
1136 1887 1225 1948 quem
1244 1869 1331 1947 citat,

288 1987 425 2047 balneum
454 1987 526 2047 dicit
556 1985 727 2064 significari.
782 1986 855 2049 lude
876 2007 893 2048 a
916 2007 999 2050 novoe
1036 1987 1197 2050 comoedia
1228 1990 1330 2063 relate,

288 2111 366 2165 teste
387 2103 461 2167 Poll.
486 2104 504 2166 l.
528 2104 560 2183 l.,
590 2103 731 2184 lrequens
764 2111 811 2166 est
843 2107 996 2168 decurtata
1025 2105 1118 2168 forma
1145 2103 1258 2188 λουτῆρ
1287 2135 1331 2150 -

288 2241 386 2302 neque
408 2224 487 2284 euim
509 2220 674 2306 λουτήριον
694 2225 787 2302 magis
823 2225 1036 2287 deminutivum
1068 2227 1115 2286 est
1146 2241 1236 2302 quam
1267 2241 1332 2286 πυ-

315 2340 323 2361 Ι

342 2362 404 2406 του.

287 2365 341 2426 ηρ
373 2443 492 2522 Primus
515 2459 577 2526 τῶυ
597 2458 768 2543 tovensi-n
790 2478 862 2522 usus
884 2467 930 2522 est
953 2463 982 2521 in
1005 2459 1130 2536 balneis,
1153 2478 1180 2522 v.
1203 2457 1331 2519 Becker.

289 2577 489 2667 Chariclsll,
523 2597 552 2658 p.
587 2572 669 2660 1383
704 2577 743 2640 cl.
766 2579 826 2640 lab.
847 2575 886 2660 4,
919 2601 947 2640 n.
976 2574 993 2638 1
1023 2583 1054 2639 et
1081 2572 1113 2640 2.
1166 2577 1265 2638 Etiam
1300 2576 1331 2636 io

290 2696 430 2758 llieronis
462 2696 554 2775 Regis
589 2697 655 2757 navi
690 2695 816 2776 legimus
849 2717 896 2778 ap.
917 2698 986 2760 Aah.
1012 2697 1050 2780 V,
1081 2691 1161 2774 207,
1184 2694 1203 2756 l.
1237 2693 1332 2754 luisse

288 2813 427 2898 λουτῆρα
447 2817 544 2878 πέντε
564 2810 719 2897 μετρητὰς
740 2813 916 2899 δεχόμενον
938 2815 1089 2882 ποικίλον
1121 2815 1177 2879 τοῦ
1200 2817 1331 2894 Ταυρο-
1446 2803 1447 2826 ’

291 2933 419 3013 μευλτου
461 2930 569 2998 λίθου.
623 2931 686 2994 Nec
719 2936 749 2995 in
783 2935 965 2996 medicorum
997 2931 1185 3012 supellectile
1223 2930 1332 2992 abesse

289 3053 437 3130 poteraut,
459 3069 487 3111 v.
509 3050 584 3114 Poll.
598 3051 636 3133 X,
645 3047 699 3116 46.
744 3052 788 3114 Ne
810 3071 827 3114 a
848 3054 991 3115 conviviis
1014 3052 1134 3130 quidem
1157 3048 1333 3127 abluerunt3

289 3187 356 3230 nam
379 3171 409 3231 in
432 3169 584 3232 Ptolemoei
606 3189 715 3251 pompa
737 3170 822 3249 (alh.
839 3166 912 3252 199,
928 3177 957 3244 o)
972 3171 1081 3250 portati
1100 3173 1171 3230 sunt
1184 3167 1335 3252 λουτῆρες
1445 3207 1446 3258 i

287 3286 427 3369 μεγάλαι
449 3285 543 3364 δέκα,
566 3293 596 3349 el
617 3289 767 3368 Epigenes
796 3289 885 3368 (ibid.
906 3281 981 3372 486,
1005 3293 1034 3360 c)
1067 3289 1097 3348 iu
1120 3284 1333 3348 enumerandis

288 3407 415 3468 convivii
437 3408 516 3467 vasis
538 3407 627 3468 etiam
650 3406 798 3492 λαυτῆρια
821 3409 915 3487 ponit,
941 3408 1021 3468 uude
1042 3406 1205 3468 Athenaeus
1227 3402 1333 3478 efficit,

287 3522 444 3610 ποτῆριου
465 3541 543 3606 esse,
566 3542 745 3608 omnemque
767 3527 1022 3586 enumerationem
1048 3525 1208 3607 ποτηρίων
1227 3519 1333 3584 κατά-

286 3641 385 3723 λογον
405 3643 488 3722 dicit,
511 3645 596 3724 quasi
619 3648 718 3705 cetera
741 3661 808 3721 qum
830 3645 1030 3722 nominantur,
1053 3643 1212 3725 κρατῆρες,
1227 3636 1326 3702 κάδοι

286 3754 400 3824 ὁλκεῖα
421 3762 527 3841 pocula
549 3763 618 3824 sint.
663 3761 741 3823 llale
763 3763 855 3840 igitur
877 3761 948 3822 lecit
976 3760 1124 3850 Panolla,
1153 3759 1234 3839 quod
1263 3775 1335 3820 eum

289 3881 444 3939 auctorem
466 3885 588 3942 secutus
610 3880 749 3959 poculum
783 3880 947 3959 quoddam,
971 3887 1151 3958 quamquam
1172 3874 1334 3937 simillimae

288 3995 403 4074 forme,
425 3996 553 4059 luterion
576 3997 736 4077 appellavit
759 3997 852 4059 liech.
877 3997 912 4076 V,
934 3991 986 4058 89.
1030 3995 1212 4058 Lelronnius
1231 3997 1340 4056 autem

247 4195 251 4204 γ
286 4112 497 4191 (aptemur.
522 4109 672 4195 latmo.
696 4111 777 4190 730)
812 4133 870 4175 non
904 4115 1039 4192 intelligo
1072 4131 1130 4191 qua
1153 4111 1337 4173 confidentia
