<?xml version="1.0" encoding="UTF-8"?>
<!DOCTYPE html PUBLIC "-//W3C//DTD XHTML 1.0 Transitional//EN"
    "http://www.w3.org/TR/xhtml1/DTD/xhtml1-transitional.dtd">
<html xmlns="http://www.w3.org/1999/xhtml" xml:lang="en" lang="en">
 <head>
  <title>
</title>
<meta http-equiv="Content-Type" content="text/html;charset=utf-8" />
  <meta name='ocr-system' content='tesseract 3.04.00' />
  <meta name='ocr-capabilities' content='ocr_page ocr_carea ocr_par ocr_line ocrx_word'/>
</head>
<body>
  <div class='ocr_page' id='page_1' title='image "./denominibusvaso00ussigoog_0142.png"; bbox 0 0 2902 4704; ppageno 0'>
   <div class='ocr_carea' id='block_1_1' title="bbox 596 238 659 304">
    <p class='ocr_par' dir='ltr' id='par_1_1' title="bbox 596 238 659 304">
     <span class='ocr_line' id='line_1_1' title="bbox 596 238 659 304; baseline 0.032 -2"><span class='ocrx_word' id='word_1_1' title='bbox 596 238 659 304; x_wconf 76' lang='lat'>135</span> 
     </span>
    </p>
   </div>
   <div class='ocr_carea' id='block_1_2' title="bbox 90 443 1139 4072">
    <p class='ocr_par' dir='ltr' id='par_1_2' title="bbox 90 443 1133 1354">
     <span class='ocr_line' id='line_1_2' title="bbox 174 443 1130 524; baseline 0.002 -18"><span class='ocrx_word' id='word_1_2' title='bbox 174 445 221 506; x_wconf 84' lang='lat' dir='ltr'>Ex</span> <span class='ocrx_word' id='word_1_3' title='bbox 250 444 445 506; x_wconf 76' lang='lat' dir='ltr'>similitudine</span> <span class='ocrx_word' id='word_1_4' title='bbox 473 444 583 504; x_wconf 85' lang='lat' dir='ltr'>inversi</span> <span class='ocrx_word' id='word_1_5' title='bbox 612 443 753 504; x_wconf 75' lang='lat' dir='ltr'>scarabei</span> <span class='ocrx_word' id='word_1_6' title='bbox 782 443 892 506; x_wconf 83' lang='lat' dir='ltr'>tactum</span> <span class='ocrx_word' id='word_1_7' title='bbox 914 461 981 506; x_wconf 87' lang='lat' dir='ltr'>esse</span> <span class='ocrx_word' id='word_1_8' title='bbox 1003 446 1130 524; x_wconf 85' lang='lat' dir='ltr'>videtur,</span> 
     </span>
     <span class='ocr_line' id='line_1_3' title="bbox 90 553 1130 644; baseline 0 -18"><span class='ocrx_word' id='word_1_9' title='bbox 90 569 123 626; x_wconf 89' lang='lat' dir='ltr'>ut</span> <span class='ocrx_word' id='word_1_10' title='bbox 144 568 176 626; x_wconf 89' lang='lat' dir='ltr'>et</span> <span class='ocrx_word' id='word_1_11' title='bbox 197 565 316 644; x_wconf 66' lang='grc' dir='ltr'><strong><em>οοοίφίο</em></strong></span> <span class='ocrx_word' id='word_1_12' title='bbox 330 563 465 642; x_wconf 82' lang='lat' dir='ltr'>quedam</span> <span class='ocrx_word' id='word_1_13' title='bbox 482 566 513 623; x_wconf 91' lang='lat' dir='ltr'>et</span> <span class='ocrx_word' id='word_1_14' title='bbox 528 562 634 641; x_wconf 81' lang='lat' dir='ltr'>poento</span> <span class='ocrx_word' id='word_1_15' title='bbox 644 553 811 644; x_wconf 72' lang='grc' dir='ltr'><strong><em>κάνθαροι</em></strong></span> <span class='ocrx_word' id='word_1_16' title='bbox 823 563 1002 643; x_wconf 80' lang='lat' dir='ltr'>dicerentur,</span> <span class='ocrx_word' id='word_1_17' title='bbox 1026 582 1130 642; x_wconf 88' lang='lat' dir='ltr'>quam·</span> 
     </span>
     <span class='ocr_line' id='line_1_4' title="bbox 90 681 1131 762; baseline 0 -20"><span class='ocrx_word' id='word_1_18' title='bbox 90 701 180 761; x_wconf 91' lang='lat' dir='ltr'>quam</span> <span class='ocrx_word' id='word_1_19' title='bbox 203 683 326 744; x_wconf 85' lang='lat' dir='ltr'>inerunt</span> <span class='ocrx_word' id='word_1_20' title='bbox 348 683 400 762; x_wconf 85' lang='lat' dir='ltr'>qui</span> <span class='ocrx_word' id='word_1_21' title='bbox 423 698 476 742; x_wconf 86' lang='lat' dir='ltr'>eos</span> <span class='ocrx_word' id='word_1_22' title='bbox 496 681 661 742; x_wconf 82' lang='lat' dir='ltr'>inventoris</span> <span class='ocrx_word' id='word_1_23' title='bbox 677 682 795 742; x_wconf 86' lang='lat' dir='ltr'>nomiae</span> <span class='ocrx_word' id='word_1_24' title='bbox 806 681 969 760; x_wconf 86' lang='lat' dir='ltr'>appellatos</span> <span class='ocrx_word' id='word_1_25' title='bbox 981 685 1131 760; x_wconf 84' lang='lat' dir='ltr'>putarent,</span> 
     </span>
     <span class='ocr_line' id='line_1_5' title="bbox 91 793 1133 881; baseline -0.003 -18"><span class='ocrx_word' id='word_1_26' title='bbox 91 806 123 863; x_wconf 90' lang='lat' dir='ltr'>ut</span> <span class='ocrx_word' id='word_1_27' title='bbox 145 801 224 864; x_wconf 90' lang='lat' dir='ltr'>Poll.</span> <span class='ocrx_word' id='word_1_28' title='bbox 248 797 377 881; x_wconf 79' lang='lat' dir='ltr'>V1,9o·;</span> <span class='ocrx_word' id='word_1_29' title='bbox 410 799 480 862; x_wconf 80' lang='lat' dir='ltr'>ach.</span> <span class='ocrx_word' id='word_1_30' title='bbox 501 793 576 877; x_wconf 93' lang='grc'><strong>474,</strong></span> <span class='ocrx_word' id='word_1_31' title='bbox 599 798 628 860; x_wconf 90' lang='lat' dir='ltr'>d.</span> <span class='ocrx_word' id='word_1_32' title='bbox 684 797 736 860; x_wconf 92' lang='lat' dir='ltr'>llla</span> <span class='ocrx_word' id='word_1_33' title='bbox 759 800 867 877; x_wconf 84' lang='lat' dir='ltr'>nauigii</span> <span class='ocrx_word' id='word_1_34' title='bbox 889 797 1065 876; x_wconf 83' lang='lat' dir='ltr'>significatio</span> <span class='ocrx_word' id='word_1_35' title='bbox 1087 806 1133 861; x_wconf 85' lang='lat' dir='ltr'>est</span> 
     </span>
     <span class='ocr_line' id='line_1_6' title="bbox 92 911 1131 999; baseline -0.003 -18"><span class='ocrx_word' id='word_1_36' title='bbox 92 919 168 999; x_wconf 91' lang='lat' dir='ltr'>apud</span> <span class='ocrx_word' id='word_1_37' title='bbox 180 918 334 998; x_wconf 81' lang='lat' dir='ltr'>Aristopb.</span> <span class='ocrx_word' id='word_1_38' title='bbox 348 917 415 979; x_wconf 87' lang='lat' dir='ltr'>Pac.</span> <span class='ocrx_word' id='word_1_39' title='bbox 428 911 498 996; x_wconf 87' lang='grc'><strong>143,</strong></span> <span class='ocrx_word' id='word_1_40' title='bbox 522 921 553 977; x_wconf 88' lang='lat' dir='ltr'>et</span> <span class='ocrx_word' id='word_1_41' title='bbox 564 934 612 994; x_wconf 87' lang='lat' dir='ltr'>ap.</span> <span class='ocrx_word' id='word_1_42' title='bbox 623 915 733 978; x_wconf 80' lang='lat' dir='ltr'><strong>Athen.</strong></span> <span class='ocrx_word' id='word_1_43' title='bbox 746 911 857 998; x_wconf 68' lang='lat' dir='ltr'>parc,</span> <span class='ocrx_word' id='word_1_44' title='bbox 879 916 943 978; x_wconf 77' lang='lat' dir='ltr'>buc</span> <span class='ocrx_word' id='word_1_45' title='bbox 960 917 1060 995; x_wconf 90' lang='lat' dir='ltr'>poculi</span> <span class='ocrx_word' id='word_1_46' title='bbox 1072 917 1131 978; x_wconf 83' lang='lat' dir='ltr'>ire·</span> 
     </span>
     <span class='ocr_line' id='line_1_7' title="bbox 92 1033 1131 1118; baseline -0.001 -20"><span class='ocrx_word' id='word_1_47' title='bbox 92 1039 245 1118; x_wconf 88' lang='lat' dir='ltr'>quenlior,</span> <span class='ocrx_word' id='word_1_48' title='bbox 269 1055 323 1098; x_wconf 89' lang='lat' dir='ltr'>neo</span> <span class='ocrx_word' id='word_1_49' title='bbox 345 1037 422 1115; x_wconf 88' lang='lat' dir='ltr'>apud</span> <span class='ocrx_word' id='word_1_50' title='bbox 435 1034 554 1096; x_wconf 83' lang='lat' dir='ltr'>Graeooe</span> <span class='ocrx_word' id='word_1_51' title='bbox 575 1033 683 1113; x_wconf 80' lang='lat' dir='ltr'>solum,</span> <span class='ocrx_word' id='word_1_52' title='bbox 705 1035 758 1095; x_wconf 89' lang='lat' dir='ltr'>sed</span> <span class='ocrx_word' id='word_1_53' title='bbox 781 1052 839 1094; x_wconf 92' lang='lat' dir='ltr'>noo</span> <span class='ocrx_word' id='word_1_54' title='bbox 861 1035 959 1096; x_wconf 89' lang='lat' dir='ltr'>minus</span> <span class='ocrx_word' id='word_1_55' title='bbox 977 1037 1055 1116; x_wconf 88' lang='lat' dir='ltr'>apud</span> <span class='ocrx_word' id='word_1_56' title='bbox 1074 1035 1131 1098; x_wconf 84' lang='lat' dir='ltr'>La·</span> 
     </span>
     <span class='ocr_line' id='line_1_8' title="bbox 94 1151 1132 1234; baseline -0.001 -19"><span class='ocrx_word' id='word_1_57' title='bbox 94 1157 182 1218; x_wconf 89' lang='lat' dir='ltr'>linos.</span> <span class='ocrx_word' id='word_1_58' title='bbox 235 1153 450 1217; x_wconf 85' lang='lat' dir='ltr'>Cantharorum</span> <span class='ocrx_word' id='word_1_59' title='bbox 473 1155 583 1216; x_wconf 89' lang='lat' dir='ltr'>mentio</span> <span class='ocrx_word' id='word_1_60' title='bbox 611 1152 646 1214; x_wconf 88' lang='lat' dir='ltr'>iit</span> <span class='ocrx_word' id='word_1_61' title='bbox 674 1153 751 1234; x_wconf 92' lang='lat' dir='ltr'>apud</span> <span class='ocrx_word' id='word_1_62' title='bbox 774 1151 930 1234; x_wconf 88' lang='lat' dir='ltr'>Plautum,</span> <span class='ocrx_word' id='word_1_63' title='bbox 963 1153 1132 1232; x_wconf 75' lang='lat' dir='ltr'>Virgilium,</span> 
     </span>
     <span class='ocr_line' id='line_1_9' title="bbox 93 1268 1132 1354; baseline 0.002 -22"><span class='ocrx_word' id='word_1_64' title='bbox 93 1272 263 1354; x_wconf 84' lang='lat' dir='ltr'>Horatium,</span> <span class='ocrx_word' id='word_1_65' title='bbox 270 1272 363 1354; x_wconf 73' lang='lat' dir='ltr'>alios,</span> <span class='ocrx_word' id='word_1_66' title='bbox 375 1274 465 1333; x_wconf 87' lang='lat' dir='ltr'>etiarn</span> <span class='ocrx_word' id='word_1_67' title='bbox 473 1271 625 1334; x_wconf 86' lang='lat' dir='ltr'>Macrobio</span> <span class='ocrx_word' id='word_1_68' title='bbox 637 1272 688 1350; x_wconf 80' lang='lat' dir='ltr'>(V,</span> <span class='ocrx_word' id='word_1_69' title='bbox 699 1268 756 1344; x_wconf 81' lang='lat'>21)</span> <span class='ocrx_word' id='word_1_70' title='bbox 769 1276 945 1336; x_wconf 89' lang='lat' dir='ltr'>consuetum</span> <span class='ocrx_word' id='word_1_71' title='bbox 957 1289 1064 1332; x_wconf 87' lang='lat' dir='ltr'>nomon</span> <span class='ocrx_word' id='word_1_72' title='bbox 1076 1278 1132 1334; x_wconf 89' lang='lat' dir='ltr'>est.</span> 
     </span>
    </p>

    <p class='ocr_par' dir='ltr' id='par_1_3' title="bbox 95 1384 1136 3126">
     <span class='ocr_line' id='line_1_10' title="bbox 177 1384 1131 1473; baseline 0 -23"><span class='ocrx_word' id='word_1_73' title='bbox 177 1389 314 1452; x_wconf 83' lang='lat' dir='ltr'>Fuerunt</span> <span class='ocrx_word' id='word_1_74' title='bbox 335 1390 511 1469; x_wconf 83' lang='lat' dir='ltr'>plerumque</span> <span class='ocrx_word' id='word_1_75' title='bbox 528 1390 652 1473; x_wconf 82' lang='lat' dir='ltr'>fictilea3</span> <span class='ocrx_word' id='word_1_76' title='bbox 676 1410 703 1452; x_wconf 91' lang='lat' dir='ltr'>v.</span> <span class='ocrx_word' id='word_1_77' title='bbox 725 1390 798 1452; x_wconf 88' lang='lat' dir='ltr'>Poll.</span> <span class='ocrx_word' id='word_1_78' title='bbox 812 1390 852 1470; x_wconf 93' lang='lat' dir='ltr'>X,</span> <span class='ocrx_word' id='word_1_79' title='bbox 867 1384 945 1470; x_wconf 76' lang='lat'>122;</span> <span class='ocrx_word' id='word_1_80' title='bbox 969 1388 1131 1468; x_wconf 80' lang='lat' dir='ltr'>Xenarchi,</span> 
     </span>
     <span class='ocr_line' id='line_1_11' title="bbox 95 1504 1131 1591; baseline 0 -21"><span class='ocrx_word' id='word_1_81' title='bbox 95 1509 257 1590; x_wconf 82' lang='lat' dir='ltr'>Epigeuis,</span> <span class='ocrx_word' id='word_1_82' title='bbox 279 1508 442 1570; x_wconf 80' lang='lat' dir='ltr'>Nicostrati</span> <span class='ocrx_word' id='word_1_83' title='bbox 465 1507 518 1570; x_wconf 83' lang='lat' dir='ltr'>irr.</span> <span class='ocrx_word' id='word_1_84' title='bbox 542 1527 590 1588; x_wconf 90' lang='lat' dir='ltr'>ap.</span> <span class='ocrx_word' id='word_1_85' title='bbox 613 1507 683 1572; x_wconf 81' lang='lat' dir='ltr'>hth.</span> <span class='ocrx_word' id='word_1_86' title='bbox 704 1504 786 1588; x_wconf 87' lang='grc'><strong>473,</strong></span> <span class='ocrx_word' id='word_1_87' title='bbox 808 1507 833 1589; x_wconf 83' lang='lat' dir='ltr'>i3</span> <span class='ocrx_word' id='word_1_88' title='bbox 855 1504 936 1584; x_wconf 91' lang='grc'><strong>474,</strong></span> <span class='ocrx_word' id='word_1_89' title='bbox 958 1527 991 1591; x_wconf 88' lang='lat' dir='ltr'>a,</span> <span class='ocrx_word' id='word_1_90' title='bbox 1013 1509 1042 1573; x_wconf 87' lang='lat' dir='ltr'>b.</span> <span class='ocrx_word' id='word_1_91' title='bbox 1087 1509 1131 1570; x_wconf 82' lang='lat' dir='ltr'>Er</span> 
     </span>
     <span class='ocr_line' id='line_1_12' title="bbox 95 1621 1132 1707; baseline 0.001 -20"><span class='ocrx_word' id='word_1_92' title='bbox 95 1626 257 1688; x_wconf 88' lang='lat' dir='ltr'>Polemone</span> <span class='ocrx_word' id='word_1_93' title='bbox 266 1627 393 1706; x_wconf 88' lang='lat' dir='ltr'>legimus</span> <span class='ocrx_word' id='word_1_94' title='bbox 404 1621 494 1705; x_wconf 83' lang='grc'><strong>(474,</strong></span> <span class='ocrx_word' id='word_1_95' title='bbox 510 1626 546 1703; x_wconf 85' lang='lat' dir='ltr'>d]</span> <span class='ocrx_word' id='word_1_96' title='bbox 561 1627 676 1706; x_wconf 79' lang='lat' dir='ltr'>Hippea</span> <span class='ocrx_word' id='word_1_97' title='bbox 688 1629 833 1707; x_wconf 86' lang='lat' dir='ltr'>pictorem</span> <span class='ocrx_word' id='word_1_98' title='bbox 845 1628 875 1687; x_wconf 92' lang='lat' dir='ltr'>io</span> <span class='ocrx_word' id='word_1_99' title='bbox 888 1628 1043 1707; x_wconf 78' lang='lat' dir='ltr'>pingendis</span> <span class='ocrx_word' id='word_1_100' title='bbox 1055 1626 1132 1688; x_wconf 88' lang='lat' dir='ltr'>Piri·</span> 
     </span>
     <span class='ocr_line' id='line_1_13' title="bbox 97 1739 1132 1828; baseline 0.002 -23"><span class='ocrx_word' id='word_1_101' title='bbox 97 1745 157 1807; x_wconf 91' lang='lat' dir='ltr'>tboi</span> <span class='ocrx_word' id='word_1_102' title='bbox 181 1747 294 1825; x_wconf 88' lang='lat' dir='ltr'>nuptiis</span> <span class='ocrx_word' id='word_1_103' title='bbox 326 1739 383 1828; x_wconf 69' lang='grc' dir='ltr'>τὴν</span> <span class='ocrx_word' id='word_1_104' title='bbox 404 1743 552 1828; x_wconf 75' lang='grc' dir='ltr'><strong><em>οἰνοχόην</em></strong></span> <span class='ocrx_word' id='word_1_105' title='bbox 571 1747 627 1808; x_wconf 76' lang='grc' dir='ltr'>καὶ</span> <span class='ocrx_word' id='word_1_106' title='bbox 653 1741 688 1810; x_wconf 79' lang='lat' dir='ltr'>cd</span> <span class='ocrx_word' id='word_1_107' title='bbox 711 1742 869 1810; x_wconf 77' lang='grc' dir='ltr'><strong><em>κύπελλον</em></strong></span> <span class='ocrx_word' id='word_1_108' title='bbox 890 1745 1004 1824; x_wconf 88' lang='lat' dir='ltr'>lapidea</span> <span class='ocrx_word' id='word_1_109' title='bbox 1027 1743 1132 1806; x_wconf 83' lang='lat' dir='ltr'>fecisse</span> 
     </span>
     <span class='ocr_line' id='line_1_14' title="bbox 96 1861 1133 1945; baseline 0.001 -20"><span class='ocrx_word' id='word_1_110' title='bbox 96 1881 167 1926; x_wconf 91' lang='lat' dir='ltr'>auro</span> <span class='ocrx_word' id='word_1_111' title='bbox 185 1864 331 1926; x_wconf 87' lang='lat' dir='ltr'>ambitum</span> <span class='ocrx_word' id='word_1_112' title='bbox 346 1864 494 1943; x_wconf 89' lang='lat' dir='ltr'>cingente,</span> <span class='ocrx_word' id='word_1_113' title='bbox 517 1863 623 1942; x_wconf 91' lang='lat' dir='ltr'>pocula</span> <span class='ocrx_word' id='word_1_114' title='bbox 640 1869 739 1926; x_wconf 88' lang='lat' dir='ltr'>autem</span> <span class='ocrx_word' id='word_1_115' title='bbox 753 1865 925 1945; x_wconf 67' lang='lat' dir='ltr'>repausetur</span> <span class='ocrx_word' id='word_1_116' title='bbox 936 1861 1133 1944; x_wconf 70' lang='grc' dir='ltr'><strong><em>κανθάρους.</em></strong></span> 
     </span>
     <span class='ocr_line' id='line_1_15' title="bbox 96 1975 1133 2061; baseline 0.002 -19"><span class='ocrx_word' id='word_1_117' title='bbox 96 1981 181 2043; x_wconf 84' lang='lat' dir='ltr'>Talea</span> <span class='ocrx_word' id='word_1_118' title='bbox 208 1982 349 2044; x_wconf 85' lang='lat' dir='ltr'>videntur</span> <span class='ocrx_word' id='word_1_119' title='bbox 380 1981 473 2043; x_wconf 78' lang='lat' dir='ltr'>fuisso</span> <span class='ocrx_word' id='word_1_120' title='bbox 496 1978 645 2044; x_wconf 80' lang='lat' dir='ltr'>“modici”</span> <span class='ocrx_word' id='word_1_121' title='bbox 673 1982 715 2043; x_wconf 92' lang='lat' dir='ltr'>illi</span> <span class='ocrx_word' id='word_1_122' title='bbox 747 1981 864 2042; x_wconf 80' lang='lat' dir='ltr'>Horatii</span> <span class='ocrx_word' id='word_1_123' title='bbox 897 1975 1133 2061; x_wconf 73' lang='lat' dir='ltr'>oo.1‚20,‘2.</span> 
     </span>
     <span class='ocr_line' id='line_1_16' title="bbox 96 2099 1132 2182; baseline 0.003 -22"><span class='ocrx_word' id='word_1_124' title='bbox 96 2099 222 2162; x_wconf 82' lang='lat' dir='ltr'>Fiebaot</span> <span class='ocrx_word' id='word_1_125' title='bbox 243 2105 341 2162; x_wconf 88' lang='lat' dir='ltr'>tameo</span> <span class='ocrx_word' id='word_1_126' title='bbox 364 2099 651 2182; x_wconf 77' lang='lat' dir='ltr'>etiamexmelallis,</span> <span class='ocrx_word' id='word_1_127' title='bbox 675 2105 709 2161; x_wconf 94' lang='lat' dir='ltr'>ut</span> <span class='ocrx_word' id='word_1_128' title='bbox 726 2100 805 2179; x_wconf 91' lang='lat' dir='ltr'>apud</span> <span class='ocrx_word' id='word_1_129' title='bbox 822 2101 950 2162; x_wconf 88' lang='lat' dir='ltr'>eundern</span> <span class='ocrx_word' id='word_1_130' title='bbox 960 2100 1063 2162; x_wconf 83' lang='lat' dir='ltr'>Horat.</span> <span class='ocrx_word' id='word_1_131' title='bbox 1075 2101 1132 2180; x_wconf 88' lang='lat' dir='ltr'>Ep.</span> 
     </span>
     <span class='ocr_line' id='line_1_17' title="bbox 97 2214 1133 2298; baseline 0.002 -20"><span class='ocrx_word' id='word_1_132' title='bbox 97 2217 120 2296; x_wconf 92' lang='grc' dir='ltr'>Ι,</span> <span class='ocrx_word' id='word_1_133' title='bbox 141 2216 173 2297; x_wconf 84' lang='grc'>5,</span> <span class='ocrx_word' id='word_1_134' title='bbox 195 2214 256 2281; x_wconf 77' lang='lat'>‘232</span> <span class='ocrx_word' id='word_1_135' title='bbox 289 2217 350 2278; x_wconf 81' lang='lat' dir='ltr'>“ne</span> <span class='ocrx_word' id='word_1_136' title='bbox 372 2235 430 2278; x_wconf 91' lang='lat' dir='ltr'>uon</span> <span class='ocrx_word' id='word_1_137' title='bbox 454 2222 485 2278; x_wconf 88' lang='lat' dir='ltr'>et</span> <span class='ocrx_word' id='word_1_138' title='bbox 506 2219 666 2280; x_wconf 88' lang='lat' dir='ltr'>cantharus</span> <span class='ocrx_word' id='word_1_139' title='bbox 688 2222 719 2279; x_wconf 89' lang='lat' dir='ltr'>et</span> <span class='ocrx_word' id='word_1_140' title='bbox 740 2217 809 2280; x_wconf 89' lang='lat' dir='ltr'>lanx</span> <span class='ocrx_word' id='word_1_141' title='bbox 831 2219 968 2280; x_wconf 89' lang='lat' dir='ltr'>ostendat</span> <span class='ocrx_word' id='word_1_142' title='bbox 990 2219 1044 2279; x_wconf 88' lang='lat' dir='ltr'>tibi</span> <span class='ocrx_word' id='word_1_143' title='bbox 1067 2219 1133 2298; x_wconf 86' lang='lat' dir='ltr'>tc”;</span> 
     </span>
     <span class='ocr_line' id='line_1_18' title="bbox 98 2331 1134 2417; baseline 0.002 -21"><span class='ocrx_word' id='word_1_144' title='bbox 98 2354 219 2398; x_wconf 87' lang='lat' dir='ltr'>aureum</span> <span class='ocrx_word' id='word_1_145' title='bbox 241 2336 332 2398; x_wconf 90' lang='lat' dir='ltr'>babet</span> <span class='ocrx_word' id='word_1_146' title='bbox 353 2335 516 2398; x_wconf 76' lang='lat' dir='ltr'>Menander</span> <span class='ocrx_word' id='word_1_147' title='bbox 537 2354 584 2416; x_wconf 88' lang='lat' dir='ltr'>ap.</span> <span class='ocrx_word' id='word_1_148' title='bbox 607 2336 678 2397; x_wconf 81' lang='lat' dir='ltr'>hth.</span> <span class='ocrx_word' id='word_1_149' title='bbox 695 2331 769 2416; x_wconf 91' lang='grc'><strong>474,</strong></span> <span class='ocrx_word' id='word_1_150' title='bbox 792 2352 823 2417; x_wconf 86' lang='grc' dir='ltr'>ο;</span> <span class='ocrx_word' id='word_1_151' title='bbox 846 2353 901 2398; x_wconf 93' lang='lat' dir='ltr'>uec</span> <span class='ocrx_word' id='word_1_152' title='bbox 923 2336 1038 2410; x_wconf 88' lang='lat' dir='ltr'>dubito,</span> <span class='ocrx_word' id='word_1_153' title='bbox 1062 2338 1134 2415; x_wconf 89' lang='lat' dir='ltr'>quin</span> 
     </span>
     <span class='ocr_line' id='line_1_19' title="bbox 99 2452 1133 2550; baseline 0 -36"><span class='ocrx_word' id='word_1_154' title='bbox 99 2457 226 2532; x_wconf 88' lang='lat' dir='ltr'>pretiosa</span> <span class='ocrx_word' id='word_1_155' title='bbox 238 2455 360 2536; x_wconf 83' lang='lat' dir='ltr'>luerint,</span> <span class='ocrx_word' id='word_1_156' title='bbox 383 2455 491 2534; x_wconf 89' lang='lat' dir='ltr'>quibus</span> <span class='ocrx_word' id='word_1_157' title='bbox 506 2452 540 2516; x_wconf 86' lang='lat' dir='ltr'>C.</span> <span class='ocrx_word' id='word_1_158' title='bbox 553 2453 680 2516; x_wconf 87' lang='lat' dir='ltr'>Marium</span> <span class='ocrx_word' id='word_1_159' title='bbox 702 2459 770 2550; x_wconf 77' lang='lat' dir='ltr'>post</span> <span class='ocrx_word' id='word_1_160' title='bbox 790 2455 946 2515; x_wconf 85' lang='lat' dir='ltr'>victoriam</span> <span class='ocrx_word' id='word_1_161' title='bbox 956 2452 1133 2515; x_wconf 88' lang='lat' dir='ltr'>Cimbricam</span> 
     </span>
     <span class='ocr_line' id='line_1_20' title="bbox 99 2570 1136 2653; baseline -0.001 -21"><span class='ocrx_word' id='word_1_162' title='bbox 99 2570 196 2634; x_wconf 88' lang='lat' dir='ltr'>Liberi</span> <span class='ocrx_word' id='word_1_163' title='bbox 229 2574 323 2653; x_wconf 87' lang='lat' dir='ltr'>patris</span> <span class='ocrx_word' id='word_1_164' title='bbox 355 2572 491 2652; x_wconf 85' lang='lat' dir='ltr'>exemplo</span> <span class='ocrx_word' id='word_1_165' title='bbox 523 2576 642 2652; x_wconf 86' lang='lat' dir='ltr'>potasse</span> <span class='ocrx_word' id='word_1_166' title='bbox 675 2573 847 2652; x_wconf 88' lang='lat' dir='ltr'>indignatur</span> <span class='ocrx_word' id='word_1_167' title='bbox 879 2570 955 2634; x_wconf 90' lang='lat' dir='ltr'>Plio.</span> <span class='ocrx_word' id='word_1_168' title='bbox 986 2570 1136 2648; x_wconf 87' lang='lat' dir='ltr'>XXXlll,</span> 
     </span>
     <span class='ocr_line' id='line_1_21' title="bbox 99 2687 1134 2784; baseline 0.002 -34"><span class='ocrx_word' id='word_1_169' title='bbox 99 2687 149 2770; x_wconf 81' lang='lat'>53,</span> <span class='ocrx_word' id='word_1_170' title='bbox 172 2688 245 2754; x_wconf 84' lang='lat'>150.</span> <span class='ocrx_word' id='word_1_171' title='bbox 268 2723 309 2784; x_wconf 63' lang='lat'>7·-</span> <span class='ocrx_word' id='word_1_172' title='bbox 341 2690 465 2769; x_wconf 85' lang='lat' dir='ltr'>Magnos</span> <span class='ocrx_word' id='word_1_173' title='bbox 487 2695 517 2750; x_wconf 87' lang='lat' dir='ltr'>et</span> <span class='ocrx_word' id='word_1_174' title='bbox 539 2690 701 2769; x_wconf 77' lang='lat' dir='ltr'>profundos</span> <span class='ocrx_word' id='word_1_175' title='bbox 723 2690 827 2772; x_wconf 80' lang='lat' dir='ltr'>luisse,</span> <span class='ocrx_word' id='word_1_176' title='bbox 850 2689 965 2770; x_wconf 90' lang='lat' dir='ltr'>ubique</span> <span class='ocrx_word' id='word_1_177' title='bbox 987 2691 1134 2771; x_wconf 82' lang='lat' dir='ltr'>ridemus,</span> 
     </span>
     <span class='ocr_line' id='line_1_22' title="bbox 100 2803 1136 2893; baseline 0 -24"><span class='ocrx_word' id='word_1_178' title='bbox 100 2813 132 2869; x_wconf 91' lang='lat' dir='ltr'>ut</span> <span class='ocrx_word' id='word_1_179' title='bbox 164 2811 194 2870; x_wconf 95' lang='lat' dir='ltr'>iu</span> <span class='ocrx_word' id='word_1_180' title='bbox 229 2809 280 2872; x_wconf 84' lang='lat' dir='ltr'>irr.</span> <span class='ocrx_word' id='word_1_181' title='bbox 303 2807 413 2874; x_wconf 83' lang='lat' dir='ltr'>Eubuli</span> <span class='ocrx_word' id='word_1_182' title='bbox 435 2803 510 2888; x_wconf 88' lang='grc'><strong>473,</strong></span> <span class='ocrx_word' id='word_1_183' title='bbox 533 2827 567 2890; x_wconf 85' lang='grc' dir='ltr'>ο,</span> <span class='ocrx_word' id='word_1_184' title='bbox 592 2807 619 2871; x_wconf 84' lang='lat' dir='ltr'>i:</span> <span class='ocrx_word' id='word_1_185' title='bbox 651 2805 694 2886; x_wconf 75' lang='grc' dir='ltr'>ὥς</span> <span class='ocrx_word' id='word_1_186' title='bbox 719 2813 869 2893; x_wconf 76' lang='grc' dir='ltr'><strong><em>μέγιστον</em></strong></span> <span class='ocrx_word' id='word_1_187' title='bbox 900 2807 1074 2891; x_wconf 73' lang='grc' dir='ltr'><strong><em>κάνθαρον</em></strong></span> <span class='ocrx_word' id='word_1_188' title='bbox 1105 2812 1136 2870; x_wconf 90' lang='lat' dir='ltr'>et</span> 
     </span>
     <span class='ocr_line' id='line_1_23' title="bbox 101 2921 1135 3011; baseline -0.002 -21"><span class='ocrx_word' id='word_1_189' title='bbox 101 2921 283 3011; x_wconf 70' lang='grc' dir='ltr'><strong><em>ἀπειρέσιον</em></strong></span> <span class='ocrx_word' id='word_1_190' title='bbox 294 2930 399 3008; x_wconf 78' lang='grc' dir='ltr'><strong><em>μέγαν</em></strong></span> <span class='ocrx_word' id='word_1_191' title='bbox 409 2925 507 2991; x_wconf 80' lang='grc' dir='ltr'><strong><em>πάνυ.</em></strong></span> <span class='ocrx_word' id='word_1_192' title='bbox 536 2922 644 3010; x_wconf 82' lang='lat' dir='ltr'>‘Adpol</span> <span class='ocrx_word' id='word_1_193' title='bbox 667 2929 807 2990; x_wconf 89' lang='lat' dir='ltr'>dicuntur</span> <span class='ocrx_word' id='word_1_194' title='bbox 829 2927 866 2989; x_wconf 89' lang='lat' dir='ltr'>ab</span> <span class='ocrx_word' id='word_1_195' title='bbox 888 2927 1011 2990; x_wconf 78' lang='lat' dir='ltr'>Alexide</span> <span class='ocrx_word' id='word_1_196' title='bbox 1022 2937 1052 2988; x_wconf 83' lang='lat' dir='ltr'>et</span> <span class='ocrx_word' id='word_1_197' title='bbox 1062 2926 1135 3005; x_wconf 87' lang='lat' dir='ltr'>Epi·</span> 
     </span>
     <span class='ocr_line' id='line_1_24' title="bbox 102 3039 509 3126; baseline 0.007 -21"><span class='ocrx_word' id='word_1_198' title='bbox 102 3062 173 3121; x_wconf 86' lang='lat' dir='ltr'>gene</span> <span class='ocrx_word' id='word_1_199' title='bbox 193 3041 269 3124; x_wconf 87' lang='grc'><strong>473,</strong></span> <span class='ocrx_word' id='word_1_200' title='bbox 293 3046 311 3107; x_wconf 96' lang='lat' dir='ltr'>d</span> <span class='ocrx_word' id='word_1_201' title='bbox 333 3049 364 3106; x_wconf 90' lang='lat' dir='ltr'>et</span> <span class='ocrx_word' id='word_1_202' title='bbox 384 3039 459 3126; x_wconf 91' lang='grc'><strong>474,</strong></span> <span class='ocrx_word' id='word_1_203' title='bbox 481 3063 509 3108; x_wconf 87' lang='lat' dir='ltr'>a.</span> 
     </span>
    </p>

    <p class='ocr_par' dir='ltr' id='par_1_4' title="bbox 102 3159 1139 4072">
     <span class='ocr_line' id='line_1_25' title="bbox 182 3159 1137 3245; baseline -0.008 -18"><span class='ocrx_word' id='word_1_204' title='bbox 182 3164 311 3245; x_wconf 88' lang='lat' dir='ltr'>Propter</span> <span class='ocrx_word' id='word_1_205' title='bbox 331 3163 455 3226; x_wconf 88' lang='lat' dir='ltr'>eandem</span> <span class='ocrx_word' id='word_1_206' title='bbox 478 3162 579 3225; x_wconf 83' lang='lat' dir='ltr'>lormae</span> <span class='ocrx_word' id='word_1_207' title='bbox 601 3163 824 3225; x_wconf 86' lang='lat' dir='ltr'>similitudinem</span> <span class='ocrx_word' id='word_1_208' title='bbox 847 3161 981 3224; x_wconf 88' lang='lat' dir='ltr'>canthari</span> <span class='ocrx_word' id='word_1_209' title='bbox 996 3159 1137 3222; x_wconf 89' lang='lat' dir='ltr'>diceban-</span> 
     </span>
     <span class='ocr_line' id='line_1_26' title="bbox 104 3278 1136 3362; baseline -0.003 -21"><span class='ocrx_word' id='word_1_210' title='bbox 104 3285 154 3342; x_wconf 64' lang='lat' dir='ltr'>tur¹</span> <span class='ocrx_word' id='word_1_211' title='bbox 180 3286 210 3344; x_wconf 92' lang='lat' dir='ltr'>in</span> <span class='ocrx_word' id='word_1_212' title='bbox 244 3282 375 3346; x_wconf 85' lang='lat' dir='ltr'>lontibus</span> <span class='ocrx_word' id='word_1_213' title='bbox 408 3282 533 3343; x_wconf 87' lang='lat' dir='ltr'>rotunda</span> <span class='ocrx_word' id='word_1_214' title='bbox 568 3299 603 3343; x_wconf 90' lang='lat' dir='ltr'>ea</span> <span class='ocrx_word' id='word_1_215' title='bbox 636 3299 720 3362; x_wconf 82' lang='lat' dir='ltr'>rasa,</span> <span class='ocrx_word' id='word_1_216' title='bbox 754 3298 820 3360; x_wconf 79' lang='lat' dir='ltr'>quo</span> <span class='ocrx_word' id='word_1_217' title='bbox 848 3297 957 3358; x_wconf 91' lang='lat' dir='ltr'>aquam</span> <span class='ocrx_word' id='word_1_218' title='bbox 981 3278 1136 3340; x_wconf 80' lang='lat' dir='ltr'>salientem</span> 
     </span>
     <span class='ocr_line' id='line_1_27' title="bbox 102 3395 1136 3480; baseline -0.002 -22"><span class='ocrx_word' id='word_1_219' title='bbox 102 3402 285 3480; x_wconf 80' lang='lat' dir='ltr'>excipiebant</span> <span class='ocrx_word' id='word_1_220' title='bbox 306 3405 337 3462; x_wconf 89' lang='lat' dir='ltr'>et</span> <span class='ocrx_word' id='word_1_221' title='bbox 358 3419 394 3461; x_wconf 84' lang='lat' dir='ltr'>ex</span> <span class='ocrx_word' id='word_1_222' title='bbox 416 3401 493 3461; x_wconf 87' lang='lat' dir='ltr'>ostio</span> <span class='ocrx_word' id='word_1_223' title='bbox 516 3401 545 3460; x_wconf 90' lang='lat' dir='ltr'>in</span> <span class='ocrx_word' id='word_1_224' title='bbox 567 3417 684 3462; x_wconf 88' lang='lat' dir='ltr'>summo</span> <span class='ocrx_word' id='word_1_225' title='bbox 706 3399 789 3460; x_wconf 92' lang='lat' dir='ltr'>labro</span> <span class='ocrx_word' id='word_1_226' title='bbox 822 3400 929 3459; x_wconf 89' lang='lat' dir='ltr'>iterum</span> <span class='ocrx_word' id='word_1_227' title='bbox 951 3395 1136 3471; x_wconf 87' lang='lat' dir='ltr'>emittebant,</span> 
     </span>
     <span class='ocr_line' id='line_1_28' title="bbox 104 3517 1138 3599; baseline -0.007 -20"><span class='ocrx_word' id='word_1_228' title='bbox 104 3535 227 3595; x_wconf 88' lang='lat' dir='ltr'>quorum</span> <span class='ocrx_word' id='word_1_229' title='bbox 260 3519 394 3599; x_wconf 85' lang='lat' dir='ltr'>exempla</span> <span class='ocrx_word' id='word_1_230' title='bbox 427 3520 651 3598; x_wconf 85' lang='lat' dir='ltr'>conspiciuntur</span> <span class='ocrx_word' id='word_1_231' title='bbox 683 3517 833 3596; x_wconf 85' lang='lat' dir='ltr'>Pompeiis</span> <span class='ocrx_word' id='word_1_232' title='bbox 866 3517 896 3577; x_wconf 92' lang='lat' dir='ltr'>io</span> <span class='ocrx_word' id='word_1_233' title='bbox 929 3517 1033 3591; x_wconf 89' lang='lat' dir='ltr'>domo,</span> <span class='ocrx_word' id='word_1_234' title='bbox 1071 3530 1138 3591; x_wconf 74' lang='lat' dir='ltr'>qno</span> 
     </span>
     <span class='ocr_line' id='line_1_29' title="bbox 104 3629 1137 3718; baseline -0.007 -22"><span class='ocrx_word' id='word_1_235' title='bbox 104 3633 250 3700; x_wconf 80' lang='lat' dir='ltr'>bctaeouis</span> <span class='ocrx_word' id='word_1_236' title='bbox 279 3639 388 3700; x_wconf 90' lang='lat' dir='ltr'>dicitur</span> <span class='ocrx_word' id='word_1_237' title='bbox 423 3643 463 3710; x_wconf 87' lang='lat' dir='ltr'>(r.</span> <span class='ocrx_word' id='word_1_238' title='bbox 485 3637 595 3700; x_wconf 86' lang='lat' dir='ltr'>Mazois</span> <span class='ocrx_word' id='word_1_239' title='bbox 617 3636 661 3718; x_wconf 89' lang='lat'>11,</span> <span class='ocrx_word' id='word_1_240' title='bbox 682 3631 726 3696; x_wconf 90' lang='grc'><strong>37</strong></span> <span class='ocrx_word' id='word_1_241' title='bbox 747 3640 778 3696; x_wconf 88' lang='lat' dir='ltr'>et</span> <span class='ocrx_word' id='word_1_242' title='bbox 798 3629 863 3707; x_wconf 81' lang='grc'><strong>38).</strong></span> <span class='ocrx_word' id='word_1_243' title='bbox 916 3631 996 3694; x_wconf 83' lang='lat' dir='ltr'>Male</span> <span class='ocrx_word' id='word_1_244' title='bbox 1028 3630 1137 3690; x_wconf 86' lang='lat' dir='ltr'>lexico·</span> 
     </span>
     <span class='ocr_line' id='line_1_30' title="bbox 104 3748 1139 3836; baseline -0.006 -22"><span class='ocrx_word' id='word_1_245' title='bbox 104 3757 205 3835; x_wconf 77' lang='lat' dir='ltr'>graphi</span> <span class='ocrx_word' id='word_1_246' title='bbox 237 3757 367 3818; x_wconf 86' lang='lat' dir='ltr'>fistulam</span> <span class='ocrx_word' id='word_1_247' title='bbox 398 3758 649 3836; x_wconf 87' lang='lat' dir='ltr'>interpretantur,</span> <span class='ocrx_word' id='word_1_248' title='bbox 683 3753 762 3834; x_wconf 92' lang='lat' dir='ltr'>quod</span> <span class='ocrx_word' id='word_1_249' title='bbox 794 3752 916 3814; x_wconf 89' lang='lat' dir='ltr'>minime</span> <span class='ocrx_word' id='word_1_250' title='bbox 947 3748 1077 3811; x_wconf 75' lang='lat' dir='ltr'>eflicitur</span> <span class='ocrx_word' id='word_1_251' title='bbox 1102 3766 1139 3808; x_wconf 82' lang='lat' dir='ltr'>er</span> 
     </span>
     <span class='ocr_line' id='line_1_31' title="bbox 104 3863 1139 3953; baseline -0.006 -21"><span class='ocrx_word' id='word_1_252' title='bbox 104 3873 199 3938; x_wconf 89' lang='lat' dir='ltr'>citatis</span> <span class='ocrx_word' id='word_1_253' title='bbox 221 3875 313 3953; x_wconf 88' lang='lat' dir='ltr'>locis,</span> <span class='ocrx_word' id='word_1_254' title='bbox 345 3879 380 3937; x_wconf 91' lang='lat' dir='ltr'>ut</span> <span class='ocrx_word' id='word_1_255' title='bbox 413 3873 496 3936; x_wconf 86' lang='lat' dir='ltr'>Pauli</span> <span class='ocrx_word' id='word_1_256' title='bbox 524 3876 554 3936; x_wconf 94' lang='lat' dir='ltr'>in</span> <span class='ocrx_word' id='word_1_257' title='bbox 585 3873 652 3952; x_wconf 87' lang='lat' dir='ltr'>Dig.</span> <span class='ocrx_word' id='word_1_258' title='bbox 674 3871 779 3951; x_wconf 85' lang='lat' dir='ltr'>XXX,</span> <span class='ocrx_word' id='word_1_259' title='bbox 802 3866 840 3930; x_wconf 92' lang='grc'>4]</span> <span class='ocrx_word' id='word_1_260' title='bbox 866 3863 969 3945; x_wconf 66' lang='lat'>511:</span> <span class='ocrx_word' id='word_1_261' title='bbox 1004 3865 1139 3928; x_wconf 85' lang='lat' dir='ltr'>“Sedet</span> 
     </span>
     <span class='ocr_line' id='line_1_32' title="bbox 105 3987 1139 4072; baseline -0.003 -23"><span class='ocrx_word' id='word_1_262' title='bbox 105 3995 296 4057; x_wconf 86' lang='lat' dir='ltr'>automataria</span> <span class='ocrx_word' id='word_1_263' title='bbox 324 3999 355 4054; x_wconf 89' lang='lat' dir='ltr'>et</span> <span class='ocrx_word' id='word_1_264' title='bbox 377 3992 526 4072; x_wconf 87' lang='lat' dir='ltr'>canthari,</span> <span class='ocrx_word' id='word_1_265' title='bbox 562 4011 614 4071; x_wconf 87' lang='lat' dir='ltr'>per</span> <span class='ocrx_word' id='word_1_266' title='bbox 636 4007 712 4070; x_wconf 89' lang='lat' dir='ltr'>quos</span> <span class='ocrx_word' id='word_1_267' title='bbox 733 4006 817 4068; x_wconf 82' lang='lat' dir='ltr'>aquae</span> <span class='ocrx_word' id='word_1_268' title='bbox 839 3987 965 4067; x_wconf 85' lang='lat' dir='ltr'>saliunt,</span> <span class='ocrx_word' id='word_1_269' title='bbox 999 3988 1139 4064; x_wconf 73' lang='lat' dir='ltr'>poterunt</span> 
     </span>
    </p>
   </div>
   <div class='ocr_carea' id='block_1_3' title="bbox 0 0 1474 4704">
    <p class='ocr_par' dir='ltr' id='par_1_5' title="bbox 0 0 1474 4704">
     <span class='ocr_line' id='line_1_33' title="bbox 0 0 1474 4704; baseline 0 0"><span class='ocrx_word' id='word_1_270' title='bbox 0 0 1474 4704; x_wconf 95' lang='lat' dir='ltr'> </span> 
     </span>
    </p>
   </div>
  </div>
 </body>
</html>
