2902 4704
681 263 744 332 loo

606 358 823 378 Ἦ

198 471 248 532 uhi
261 487 315 550 pro
336 467 455 550 rodim
478 471 508 532 in
525 469 678 530 codicibus
689 473 735 530 est
745 461 850 550 privor.
885 469 974 545 Quod
986 477 1087 536 aulem
1099 473 1238 538 Meinelc

196 588 261 659 (Fr.
284 587 395 650 Comic.
417 586 470 666 ΙΙΙ,
493 606 522 666 p.
533 581 611 660 554)
635 586 757 665 γυάλας
778 590 929 652 contendit
940 590 1156 654 altrltlicorrun
1172 607 1239 654 ser-

197 725 285 770 mone
307 707 395 784 longe
418 709 549 774 remotos
571 721 655 784 esse,
679 706 784 766 eodem
808 708 873 768 iure
897 707 1039 775 eccum
1061 729 1098 772 ex
1120 710 1237 772 Aristo·

197 825 296 902 phane
317 825 513 886 exterminare
546 823 653 901 potuit,
687 825 767 901 quod
788 829 819 885 et
847 828 944 904 ipsum
976 827 1139 892 rithenaeus
1161 822 1237 907 483,

197 945 225 1006 tr.
259 937 452 1007 Λακωνικὸν
472 940 626 1026 ποτήριον
655 942 743 1021 dicit,
777 960 832 1004 nec
864 946 943 1024 quod
968 947 1025 1026 ipsi
1047 947 1236 1012 scribendum

104 1077 108 1082 ·
198 1062 327 1137 videtur,
345 1058 490 1136 ’κτιύλαα
511 1061 661 1140 cuiquam,
684 1038 803 1141 opinor,
826 1062 964 1142 placebit.

606 1343 656 1412 10.
700 1353 833 1434 Κέρας.

283 1533 431 1598 Barbaros
451 1532 577 1613 populos
611 1534 674 1598 iero
702 1538 836 1600 ridernus
862 1539 952 1600 houm
974 1553 1085 1602 cornua
1108 1557 1161 1617 pro
1184 1556 1236 1616 po·

198 1651 275 1713 culis
296 1652 415 1720 habere.
458 1651 523 1714 linc
545 1657 576 1715 et
597 1656 725 1716 maiores
755 1661 872 1718 nostros
895 1656 1002 1721 lecisse
1024 1657 1178 1727 novimus,
1207 1662 1238 1716 ct

199 1769 314 1832 Plinius
320 1771 566 1846 traditbarharos
577 1774 824 1850 septentrionales
839 1793 963 1836 urorum
974 1775 1236 1852 cornibuspotore,

198 1888 367 1966 Xenophon
382 1894 493 1968 autem,
506 1889 624 1952 Grreoos
637 1891 745 1952 milites
757 1894 787 1954 in
799 1891 1021 1972 Paphlagonum
1037 1897 1116 1954 terra
1128 1909 1236 1955 cornea

198 2007 305 2084 pocula
326 2009 475 2070 invenisse
497 2009 608 2081 (Anah.
631 2008 681 2086 Vl,
706 2005 736 2089 1,
758 2005 804 2086 4),
827 2012 1015 2090 eundemque
1027 2029 1140 2072 morem
1159 2010 1236 2089 apud

198 2124 333 2186 Seuthcn
344 2125 477 2188 Thraciae
490 2144 588 2204 regem
601 2127 743 2190 describit
754 2127 847 2202 (ibid,
856 2129 922 2208 Vll,
933 2124 966 2208 ⁶2,
977 2123 1037 2211 933
1058 2125 1091 2204 3,
1104 2124 1157 2208 24,
1167 2124 1236 2200 26).

197 2242 408 2322 Theopompus
420 2244 579 2320 apudhth.
589 2244 647 2322 -Xl,
667 2241 742 2324 476,
754 2247 784 2308 d.
807 2245 947 2311 Paeonum
959 2261 1044 2325 reges
1056 2248 1236 2326 prodiderat,

198 2379 292 2440 quum
314 2363 391 2440 apud
415 2379 467 2422 cos
489 2349 570 2422 tanta
593 2363 689 2426 bubus
718 2381 828 2428 cornua
852 2370 970 2443 essent,
998 2384 1065 2443 quac
1094 2369 1157 2426 trcs
1184 2369 1237 2426 aut

198 2483 341 2557 quattuor
362 2484 484 2559 congios
505 2487 654 2560 caperent,
677 2482 1032 2561 poculaindocoolieere‚
1055 2482 1145 2544 labris
1164 2491 1236 2544 auro·

198 2602 359 2674 argentove
381 2599 535 2680 obductis,
570 2595 610 2664 roi
643 2600 733 2683 χείλη
766 2604 1058 2682 περιαργυροῦντας
1090 2603 1144 2663 καὶ
1163 2622 1236 2682 χρα-

198 2716 342 2793 σοῦιτας.
384 2717 496 2778 Eadem
518 2720 634 2778 ratione
655 2719 835 2800 Philippum,
853 2718 1046 2804 Macedonum
1070 2737 1181 2796 regem,
1210 2720 1236 2780 si

199 2853 289 2913 quem
311 2835 437 2914 benigne
459 2839 594 2915 accipere
615 2838 731 2922 vellet,
753 2839 781 2898 ci
814 2857 906 2899 cornu
935 2840 1092 2918 propinare
1114 2838 1235 2898 solitum

199 2971 278 3028 esse,
301 2972 336 3013 ex
364 2953 502 3032 Lycurgo
535 2955 626 3016 relert
657 2955 819 3016 Athenaeus
841 2957 859 3016 l.
884 2956 902 3018 l.
957 2957 1015 3018 Sed
1048 2977 1107 3017 non
1141 2957 1236 3016 solum

199 3072 282 3132 labra
304 3073 434 3150 pretioso
457 3074 575 3134 metallo
598 3073 766 3152 cingebant,
789 3075 878 3133 ctiam
901 3076 1015 3152 integra
1038 3074 1143 3152 poculo
1165 3091 1237 3133 oon-

198 3191 339 3250 ficiebant
360 3209 396 3249 ex
425 3207 497 3250 auro
527 3195 557 3250 et
586 3194 708 3267 argento
742 3191 771 3249 in
806 3210 948 3251 cornuum
972 3194 1111 3270 speciem,
1154 3191 1235 3252 Talia

199 3311 320 3388 κέρατα
342 3304 469 3389 ἀργυρᾶ
497 3309 689 3368 inveniuntur
721 3309 751 3367 in
776 3309 883 3368 ,titulis
905 3309 1041 3387 Atticis„
1058 3327 1084 3370 r.
1108 3308 1236 3370 lloeclrh.

200 3425 235 3486 C.
259 3425 282 3488 Ι.
305 3443 333 3488 η.
359 3421 430 3503 142,
453 3445 498 3486 vv.
510 3421 542 3500 6,
554 3421 607 3504 22,
619 3421 679 3505 393
691 3426 738 3488 ci.
760 3421 960 3516 ιι.139,ν.8.
1005 3428 1237 3505 Descripseruni

175 3563 248 3622 ‚ap
272 3539 344 3604 Aah.
365 3539 440 3624 476,
462 3543 491 3622 b,
512 3565 537 3606 o.
557 3544 701 3605 Pindarus
735 3543 899 3606 Centauros
922 3546 952 3604 in
975 3544 1101 3606 Pirithoi
1125 3545 1237 3622 nuptiis

199 3665 350 3738 argenteis
382 3663 521 3724 comibus
552 3663 703 3742 bibentes,
738 3663 897 3743 AEschylus
920 3661 1094 3723 Perrhebos
1118 3667 1237 3724 utentes

200 3777 431 3864 ἀργυρηλάτοις
463 3785 572 3864 κέρασι
592 3782 693 3862 χρυσᾶ
713 3778 827 3864 στόμια
849 3781 1140 3864 περιβεβλημένοις,
1185 3780 1237 3842 ci.
1294 3787 1297 3792 ·
1336 3762 1344 3776 ⁰

202 3904 283 3959 tatur
304 3900 409 3960 eodem
432 3900 497 3960 loco
518 3917 644 3961 aureum
663 3919 755 3962 cornu
768 3918 804 3960 ex
816 3899 972 3978 Sophocle,
985 3899 1052 3961 alia.
1077 3897 1237 3978 hoperitur

200 4020 229 4078 in
253 4019 331 4078 vasis
354 4020 451 4096 pictus
473 4017 606 4078 Bacchus
629 4019 687 4080 tale
708 4037 800 4081 cornu
825 4022 939 4096 tenens,
962 4021 996 4078 nt
1017 4035 1065 4095 ap.
1088 3989 1233 4080 Gcrhard.

199 4137 397 4198 Auserlesenc
432 4136 624 4197 l'ascnhilder
648 4136 677 4214 l,
704 4133 747 4198 48
781 4139 896 4216 nigrum
929 4155 1019 4198 cornu
1058 4134 1124 4196 albo
1158 4135 1238 4195 labro
