<?xml version="1.0" encoding="UTF-8"?>
<!DOCTYPE html PUBLIC "-//W3C//DTD XHTML 1.0 Transitional//EN"
    "http://www.w3.org/TR/xhtml1/DTD/xhtml1-transitional.dtd">
<html xmlns="http://www.w3.org/1999/xhtml" xml:lang="en" lang="en">
 <head>
  <title>
</title>
<meta http-equiv="Content-Type" content="text/html;charset=utf-8" />
  <meta name='ocr-system' content='tesseract 3.04.00' />
  <meta name='ocr-capabilities' content='ocr_page ocr_carea ocr_par ocr_line ocrx_word'/>
</head>
<body>
  <div class='ocr_page' id='page_1' title='image "./denominibusvaso00ussigoog_0095.png"; bbox 0 0 2906 4716; ppageno 0'>
   <div class='ocr_carea' id='block_1_1' title="bbox 780 248 823 314">
    <p class='ocr_par' dir='ltr' id='par_1_1' title="bbox 780 248 823 314">
     <span class='ocr_line' id='line_1_1' title="bbox 780 248 823 314; baseline 0 0"><span class='ocrx_word' id='word_1_1' title='bbox 780 248 823 314; x_wconf 80' lang='lat'><strong>88</strong></span> 
     </span>
    </p>
   </div>
   <div class='ocr_carea' id='block_1_2' title="bbox 289 449 1331 773">
    <p class='ocr_par' dir='ltr' id='par_1_2' title="bbox 289 449 1331 773">
     <span class='ocr_line' id='line_1_2' title="bbox 375 449 1079 554; baseline -0.001 -34"><span class='ocrx_word' id='word_1_2' title='bbox 375 454 415 520; x_wconf 78' lang='grc' dir='ltr'><strong>τοί</strong></span> <span class='ocrx_word' id='word_1_3' title='bbox 436 455 538 520; x_wconf 74' lang='grc' dir='ltr'><strong><em>λοιπὰ</em></strong></span> <span class='ocrx_word' id='word_1_4' title='bbox 559 458 641 539; x_wconf 79' lang='grc' dir='ltr'><strong><em>τηρῶ</em></strong></span> <span class='ocrx_word' id='word_1_5' title='bbox 661 455 814 536; x_wconf 75' lang='grc' dir='ltr'><strong><em>σκευάρια</em></strong></span> <span class='ocrx_word' id='word_1_6' title='bbox 836 449 877 518; x_wconf 80' lang='grc' dir='ltr'><strong>ιδ</strong></span> <span class='ocrx_word' id='word_1_7' title='bbox 890 456 960 554; x_wconf 12' lang='lat' dir='ltr'><strong>*niv</strong></span> <span class='ocrx_word' id='word_1_8' title='bbox 981 457 1079 530; x_wconf 74' lang='grc' dir='ltr'><strong><em>θεῶν,</em></strong></span> 
     </span>
     <span class='ocr_line' id='line_1_3' title="bbox 371 567 992 657; baseline 0 -21"><span class='ocrx_word' id='word_1_9' title='bbox 371 570 515 656; x_wconf 78' lang='grc' dir='ltr'><strong>χυτρίδια</strong></span> <span class='ocrx_word' id='word_1_10' title='bbox 537 577 592 636; x_wconf 83' lang='grc' dir='ltr'><strong>καί</strong></span> <span class='ocrx_word' id='word_1_11' title='bbox 612 571 744 638; x_wconf 90' lang='grc' dir='ltr'><strong><em>σανίδια</em></strong></span> <span class='ocrx_word' id='word_1_12' title='bbox 765 567 992 657; x_wconf 74' lang='grc' dir='ltr'><strong><em>κάμφορείδια,</em></strong></span> 
     </span>
     <span class='ocr_line' id='line_1_4' title="bbox 289 685 1331 773; baseline -0.002 -18"><span class='ocrx_word' id='word_1_13' title='bbox 289 701 320 756; x_wconf 90' lang='lat' dir='ltr'><strong>et</strong></span> <span class='ocrx_word' id='word_1_14' title='bbox 340 694 418 773; x_wconf 91' lang='lat' dir='ltr'><strong>apud</strong></span> <span class='ocrx_word' id='word_1_15' title='bbox 440 693 587 772; x_wconf 84' lang='lat' dir='ltr'><strong>hominos,</strong></span> <span class='ocrx_word' id='word_1_16' title='bbox 609 697 644 752; x_wconf 90' lang='lat' dir='ltr'><strong>ut</strong></span> <span class='ocrx_word' id='word_1_17' title='bbox 665 690 740 753; x_wconf 86' lang='lat' dir='ltr'><strong>llan.</strong></span> <span class='ocrx_word' id='word_1_18' title='bbox 756 685 830 770; x_wconf 66' lang='lat'><strong>983,</strong></span> <span class='ocrx_word' id='word_1_19' title='bbox 854 691 932 756; x_wconf 89' lang='lat' dir='ltr'><strong>Plut.</strong></span> <span class='ocrx_word' id='word_1_20' title='bbox 953 687 1029 767; x_wconf 73' lang='lat'>812,</span> <span class='ocrx_word' id='word_1_21' title='bbox 1051 691 1131 753; x_wconf 88' lang='lat' dir='ltr'><strong>Eccl.</strong></span> <span class='ocrx_word' id='word_1_22' title='bbox 1153 687 1229 772; x_wconf 78' lang='lat'>734,</span> <span class='ocrx_word' id='word_1_23' title='bbox 1251 688 1331 758; x_wconf 69' lang='lat'>7115.</span> 
     </span>
    </p>
   </div>
   <div class='ocr_carea' id='block_1_3' title="bbox 186 806 1451 890">
    <p class='ocr_par' dir='ltr' id='par_1_3' title="bbox 186 806 1451 890">
     <span class='ocr_line' id='line_1_5' title="bbox 186 806 1451 890; baseline -0.005 -18"><span class='ocrx_word' id='word_1_24' title='bbox 186 821 192 832; x_wconf 89' lang='grc'><strong><em>·</em></strong></span> <span class='ocrx_word' id='word_1_25' title='bbox 290 812 322 872; x_wconf 93' lang='lat' dir='ltr'><strong>ln</strong></span> <span class='ocrx_word' id='word_1_26' title='bbox 355 811 483 874; x_wconf 80' lang='lat' dir='ltr'><strong>Acharn.</strong></span> <span class='ocrx_word' id='word_1_27' title='bbox 510 806 574 871; x_wconf 69' lang='lat'><strong>453</strong></span> <span class='ocrx_word' id='word_1_28' title='bbox 609 810 784 889; x_wconf 79' lang='lat' dir='ltr'><strong>Dicaeopolis</strong></span> <span class='ocrx_word' id='word_1_29' title='bbox 818 829 910 890; x_wconf 91' lang='lat' dir='ltr'><strong>quum</strong></span> <span class='ocrx_word' id='word_1_30' title='bbox 941 810 1065 890; x_wconf 83' lang='lat' dir='ltr'>Telephi</span> <span class='ocrx_word' id='word_1_31' title='bbox 1091 811 1245 889; x_wconf 88' lang='lat' dir='ltr'><strong>Euripidei</strong></span> <span class='ocrx_word' id='word_1_32' title='bbox 1270 811 1331 872; x_wconf 83' lang='lat' dir='ltr'><strong>ba·</strong></span> <span class='ocrx_word' id='word_1_33' title='bbox 1450 861 1451 866; x_wconf 73' lang='grc'>,</span> 
     </span>
    </p>
   </div>
   <div class='ocr_carea' id='block_1_4' title="bbox 286 929 1331 1955">
    <p class='ocr_par' dir='ltr' id='par_1_4' title="bbox 286 929 1331 1246">
     <span class='ocr_line' id='line_1_6' title="bbox 289 929 1331 1014; baseline -0.002 -22"><span class='ocrx_word' id='word_1_34' title='bbox 289 931 385 992; x_wconf 80' lang='lat' dir='ltr'><strong>bitum</strong></span> <span class='ocrx_word' id='word_1_35' title='bbox 407 931 577 991; x_wconf 85' lang='lat' dir='ltr'><strong>imitaturus</strong></span> <span class='ocrx_word' id='word_1_36' title='bbox 599 929 765 990; x_wconf 86' lang='lat' dir='ltr'><strong>miserrima</strong></span> <span class='ocrx_word' id='word_1_37' title='bbox 787 947 914 1014; x_wconf 70' lang='lat' dir='ltr'><strong>quasque</strong></span> <span class='ocrx_word' id='word_1_38' title='bbox 932 930 1098 1007; x_wconf 82' lang='lat' dir='ltr'><strong>conquirit,</strong></span> <span class='ocrx_word' id='word_1_39' title='bbox 1131 931 1206 1008; x_wconf 90' lang='lat' dir='ltr'><strong>petit</strong></span> <span class='ocrx_word' id='word_1_40' title='bbox 1234 930 1331 990; x_wconf 89' lang='lat' dir='ltr'><strong>etiam</strong></span> 
     </span>
     <span class='ocr_line' id='line_1_7' title="bbox 286 1046 1331 1134; baseline -0.004 -22"><span class='ocrx_word' id='word_1_41' title='bbox 286 1046 446 1132; x_wconf 73' lang='grc' dir='ltr'><strong><em>χυτρίδιον</em></strong></span> <span class='ocrx_word' id='word_1_42' title='bbox 477 1051 621 1134; x_wconf 73' lang='grc' dir='ltr'><strong><em>σφογγίῳ</em></strong></span> <span class='ocrx_word' id='word_1_43' title='bbox 651 1049 863 1131; x_wconf 76' lang='grc' dir='ltr'><strong><em>βεβυσμένονι</em></strong></span> <span class='ocrx_word' id='word_1_44' title='bbox 897 1047 1052 1108; x_wconf 89' lang='lat' dir='ltr'><strong>ridiculam</strong></span> <span class='ocrx_word' id='word_1_45' title='bbox 1072 1065 1144 1108; x_wconf 85' lang='lat' dir='ltr'><strong>sane</strong></span> <span class='ocrx_word' id='word_1_46' title='bbox 1165 1052 1331 1126; x_wconf 87' lang='lat' dir='ltr'><strong>pauperta-</strong></span> 
     </span>
     <span class='ocr_line' id='line_1_8' title="bbox 290 1161 1328 1246; baseline -0.002 -18"><span class='ocrx_word' id='word_1_47' title='bbox 290 1175 361 1246; x_wconf 85' lang='lat' dir='ltr'><strong>tem,</strong></span> <span class='ocrx_word' id='word_1_48' title='bbox 384 1185 450 1246; x_wconf 76' lang='lat' dir='ltr'><strong>que</strong></span> <span class='ocrx_word' id='word_1_49' title='bbox 469 1184 527 1228; x_wconf 93' lang='lat' dir='ltr'><strong>non</strong></span> <span class='ocrx_word' id='word_1_50' title='bbox 543 1166 692 1242; x_wconf 73' lang='lat' dir='ltr'><strong>habuerit,</strong></span> <span class='ocrx_word' id='word_1_51' title='bbox 715 1184 774 1244; x_wconf 89' lang='lat' dir='ltr'><strong>quo</strong></span> <span class='ocrx_word' id='word_1_52' title='bbox 790 1167 881 1226; x_wconf 83' lang='lat' dir='ltr'><strong>rimas</strong></span> <span class='ocrx_word' id='word_1_53' title='bbox 895 1164 1059 1242; x_wconf 73' lang='lat' dir='ltr'><strong>obturaret,</strong></span> <span class='ocrx_word' id='word_1_54' title='bbox 1083 1166 1139 1226; x_wconf 90' lang='lat' dir='ltr'><strong>nisi</strong></span> <span class='ocrx_word' id='word_1_55' title='bbox 1153 1161 1328 1244; x_wconf 80' lang='lat' dir='ltr'><strong>spongiam!</strong></span> 
     </span>
    </p>

    <p class='ocr_par' dir='ltr' id='par_1_5' title="bbox 288 1283 1329 1955">
     <span class='ocr_line' id='line_1_9' title="bbox 373 1283 1328 1363; baseline -0.003 -18"><span class='ocrx_word' id='word_1_56' title='bbox 373 1284 475 1363; x_wconf 83' lang='lat' dir='ltr'><strong>lgnern</strong></span> <span class='ocrx_word' id='word_1_57' title='bbox 499 1286 528 1344; x_wconf 94' lang='lat' dir='ltr'><strong>in</strong></span> <span class='ocrx_word' id='word_1_58' title='bbox 551 1284 618 1344; x_wconf 91' lang='lat' dir='ltr'><strong>ollis</strong></span> <span class='ocrx_word' id='word_1_59' title='bbox 640 1283 741 1346; x_wconf 87' lang='lat' dir='ltr'><strong>lerunt</strong></span> <span class='ocrx_word' id='word_1_60' title='bbox 762 1301 849 1359; x_wconf 75' lang='lat' dir='ltr'><strong>senes</strong></span> <span class='ocrx_word' id='word_1_61' title='bbox 872 1301 971 1344; x_wconf 86' lang='lat' dir='ltr'><strong>arcem</strong></span> <span class='ocrx_word' id='word_1_62' title='bbox 993 1285 1191 1362; x_wconf 78' lang='lat' dir='ltr'><strong>oppugnaturi</strong></span> <span class='ocrx_word' id='word_1_63' title='bbox 1213 1285 1244 1344; x_wconf 92' lang='lat' dir='ltr'><strong>in</strong></span> <span class='ocrx_word' id='word_1_64' title='bbox 1264 1283 1328 1362; x_wconf 84' lang='lat' dir='ltr'><strong>Ly-</strong></span> 
     </span>
     <span class='ocr_line' id='line_1_10' title="bbox 289 1395 1328 1482; baseline -0.001 -19"><span class='ocrx_word' id='word_1_65' title='bbox 289 1405 370 1464; x_wconf 87' lang='lat' dir='ltr'><strong>sistr.</strong></span> <span class='ocrx_word' id='word_1_66' title='bbox 381 1397 456 1480; x_wconf 55' lang='lat'><strong>290,</strong></span> <span class='ocrx_word' id='word_1_67' title='bbox 467 1395 542 1477; x_wconf 82' lang='lat'>308,</span> <span class='ocrx_word' id='word_1_68' title='bbox 555 1396 628 1464; x_wconf 82' lang='lat'>315.</span> <span class='ocrx_word' id='word_1_69' title='bbox 651 1401 737 1474; x_wconf 84' lang='lat' dir='ltr'><strong>(Noti</strong></span> <span class='ocrx_word' id='word_1_70' title='bbox 750 1407 820 1463; x_wconf 91' lang='lat' dir='ltr'><strong>sunt</strong></span> <span class='ocrx_word' id='word_1_71' title='bbox 835 1401 977 1463; x_wconf 89' lang='lat' dir='ltr'><strong>italorum</strong></span> <span class='ocrx_word' id='word_1_72' title='bbox 997 1400 1146 1482; x_wconf 61' lang='lat' dir='ltr'><strong>“toconil,</strong></span> <span class='ocrx_word' id='word_1_73' title='bbox 1170 1421 1197 1464; x_wconf 87' lang='lat' dir='ltr'><strong>v.</strong></span> <span class='ocrx_word' id='word_1_74' title='bbox 1210 1401 1328 1462; x_wconf 75' lang='lat' dir='ltr'><strong>Brund-</strong></span> 
     </span>
     <span class='ocr_line' id='line_1_11' title="bbox 289 1515 1329 1602; baseline -0.002 -21"><span class='ocrx_word' id='word_1_75' title='bbox 289 1521 377 1581; x_wconf 90' lang='lat' dir='ltr'><strong>sledii</strong></span> <span class='ocrx_word' id='word_1_76' title='bbox 399 1519 514 1582; x_wconf 69' lang='lat' dir='ltr'><strong>“Reise</strong></span> <span class='ocrx_word' id='word_1_77' title='bbox 536 1522 545 1580; x_wconf 93' lang='lat' dir='ltr'><strong>i</strong></span> <span class='ocrx_word' id='word_1_78' title='bbox 568 1518 781 1581; x_wconf 81' lang='lat' dir='ltr'><strong>Graelleuland”</strong></span> <span class='ocrx_word' id='word_1_79' title='bbox 803 1519 826 1602; x_wconf 74' lang='grc' dir='ltr'><strong>Ι,</strong></span> <span class='ocrx_word' id='word_1_80' title='bbox 840 1539 868 1600; x_wconf 90' lang='lat' dir='ltr'><strong>p.</strong></span> <span class='ocrx_word' id='word_1_81' title='bbox 882 1515 1000 1590; x_wconf 80' lang='lat'>12.&gt;-</span> <span class='ocrx_word' id='word_1_82' title='bbox 1021 1518 1056 1580; x_wconf 92' lang='lat' dir='ltr'><strong>In</strong></span> <span class='ocrx_word' id='word_1_83' title='bbox 1078 1515 1275 1582; x_wconf 78' lang='lat' dir='ltr'><strong>Thesm.5u5</strong></span> <span class='ocrx_word' id='word_1_84' title='bbox 1296 1525 1329 1580; x_wconf 87' lang='lat' dir='ltr'><strong>et</strong></span> 
     </span>
     <span class='ocr_line' id='line_1_12' title="bbox 288 1635 1328 1718; baseline -0.005 -16"><span class='ocrx_word' id='word_1_85' title='bbox 288 1635 354 1702; x_wconf 84' lang='lat'><strong>509</strong></span> <span class='ocrx_word' id='word_1_86' title='bbox 371 1639 515 1700; x_wconf 76' lang='lat' dir='ltr'><strong>obstetrix</strong></span> <span class='ocrx_word' id='word_1_87' title='bbox 536 1638 653 1699; x_wconf 86' lang='lat' dir='ltr'><strong>mulieri</strong></span> <span class='ocrx_word' id='word_1_88' title='bbox 679 1657 816 1718; x_wconf 80' lang='lat' dir='ltr'><strong>puerum,</strong></span> <span class='ocrx_word' id='word_1_89' title='bbox 839 1657 928 1718; x_wconf 89' lang='lat' dir='ltr'><strong>quem</strong></span> <span class='ocrx_word' id='word_1_90' title='bbox 949 1637 1065 1716; x_wconf 75' lang='lat' dir='ltr'><strong>subdat,</strong></span> <span class='ocrx_word' id='word_1_91' title='bbox 1089 1639 1118 1698; x_wconf 92' lang='lat' dir='ltr'><strong>in</strong></span> <span class='ocrx_word' id='word_1_92' title='bbox 1142 1637 1201 1698; x_wconf 87' lang='lat' dir='ltr'><strong>olla</strong></span> <span class='ocrx_word' id='word_1_93' title='bbox 1222 1637 1328 1698; x_wconf 87' lang='lat' dir='ltr'><strong>condi·</strong></span> 
     </span>
     <span class='ocr_line' id='line_1_13' title="bbox 288 1753 1328 1834; baseline -0.002 -16"><span class='ocrx_word' id='word_1_94' title='bbox 288 1763 351 1820; x_wconf 85' lang='lat' dir='ltr'><strong>tum</strong></span> <span class='ocrx_word' id='word_1_95' title='bbox 373 1757 470 1819; x_wconf 80' lang='lat' dir='ltr'><strong>allent.</strong></span> <span class='ocrx_word' id='word_1_96' title='bbox 513 1756 745 1834; x_wconf 84' lang='lat' dir='ltr'><strong>Exponebantur</strong></span> <span class='ocrx_word' id='word_1_97' title='bbox 767 1757 894 1818; x_wconf 80' lang='lat' dir='ltr'><strong>inientes</strong></span> <span class='ocrx_word' id='word_1_98' title='bbox 911 1755 1033 1834; x_wconf 76' lang='lat' dir='ltr'><strong>incilia,</strong></span> <span class='ocrx_word' id='word_1_99' title='bbox 1056 1774 1084 1820; x_wconf 84' lang='lat' dir='ltr'><strong>v.</strong></span> <span class='ocrx_word' id='word_1_100' title='bbox 1098 1755 1221 1818; x_wconf 83' lang='lat' dir='ltr'><strong>Beckeri</strong></span> <span class='ocrx_word' id='word_1_101' title='bbox 1245 1753 1328 1816; x_wconf 88' lang='lat' dir='ltr'><strong>Cha·</strong></span> 
     </span>
     <span class='ocr_line' id='line_1_14' title="bbox 288 1869 1328 1955; baseline 0 -19"><span class='ocrx_word' id='word_1_102' title='bbox 288 1876 353 1939; x_wconf 88' lang='lat' dir='ltr'><strong>rici.</strong></span> <span class='ocrx_word' id='word_1_103' title='bbox 375 1874 421 1953; x_wconf 87' lang='lat' dir='ltr'><strong>ll,</strong></span> <span class='ocrx_word' id='word_1_104' title='bbox 444 1895 472 1954; x_wconf 91' lang='lat' dir='ltr'><strong>p.</strong></span> <span class='ocrx_word' id='word_1_105' title='bbox 495 1870 570 1954; x_wconf 76' lang='lat'><strong>396,</strong></span> <span class='ocrx_word' id='word_1_106' title='bbox 605 1876 656 1952; x_wconf 85' lang='lat' dir='ltr'><strong>qui</strong></span> <span class='ocrx_word' id='word_1_107' title='bbox 686 1875 786 1936; x_wconf 89' lang='lat' dir='ltr'><strong>laudat</strong></span> <span class='ocrx_word' id='word_1_108' title='bbox 807 1875 922 1936; x_wconf 87' lang='lat' dir='ltr'><strong>Moerin</strong></span> <span class='ocrx_word' id='word_1_109' title='bbox 950 1893 982 1952; x_wconf 83' lang='lat' dir='ltr'><strong>p.</strong></span> <span class='ocrx_word' id='word_1_110' title='bbox 1006 1869 1083 1934; x_wconf 77' lang='lat'>102:</span> <span class='ocrx_word' id='word_1_111' title='bbox 1117 1871 1328 1955; x_wconf 77' lang='grc' dir='ltr'><strong><em>ἐγχοτρισμός,</em></strong></span> 
     </span>
    </p>
   </div>
   <div class='ocr_carea' id='block_1_5' title="bbox 52 1989 1329 2077">
    <p class='ocr_par' dir='ltr' id='par_1_6' title="bbox 52 1989 1329 2077">
     <span class='ocr_line' id='line_1_15' title="bbox 52 1989 1329 2077; baseline -0.016 -14"><span class='ocrx_word' id='word_1_112' title='bbox 52 1991 55 2002; x_wconf 75' lang='lat'>&#39;</span> <span class='ocrx_word' id='word_1_113' title='bbox 168 2040 170 2046; x_wconf 67' lang='lat'>,</span> <span class='ocrx_word' id='word_1_114' title='bbox 287 1989 307 2076; x_wconf 79' lang='grc' dir='ltr'><em>ἦ</em></span> <span class='ocrx_word' id='word_1_115' title='bbox 335 1995 391 2058; x_wconf 82' lang='grc' dir='ltr'><strong>τοῦ</strong></span> <span class='ocrx_word' id='word_1_116' title='bbox 416 1996 555 2077; x_wconf 76' lang='grc' dir='ltr'><strong><em>βρέφους</em></strong></span> <span class='ocrx_word' id='word_1_117' title='bbox 581 1990 725 2068; x_wconf 79' lang='grc' dir='ltr'><strong><em>ἔκθεσις,</em></strong></span> <span class='ocrx_word' id='word_1_118' title='bbox 758 1990 829 2058; x_wconf 76' lang='grc' dir='ltr'><strong>ἐπεὶ</strong></span> <span class='ocrx_word' id='word_1_119' title='bbox 860 1990 896 2057; x_wconf 74' lang='grc' dir='ltr'><strong>ἐν</strong></span> <span class='ocrx_word' id='word_1_120' title='bbox 914 1991 1043 2076; x_wconf 74' lang='grc' dir='ltr'><strong><em>χύτραις</em></strong></span> <span class='ocrx_word' id='word_1_121' title='bbox 1064 1990 1261 2070; x_wconf 56' lang='lat' dir='ltr'><strong>ligerium,</strong></span> <span class='ocrx_word' id='word_1_122' title='bbox 1296 1997 1329 2052; x_wconf 76' lang='lat' dir='ltr'><strong>et</strong></span> 
     </span>
    </p>
   </div>
   <div class='ocr_carea' id='block_1_6' title="bbox 284 2105 1328 4077">
    <p class='ocr_par' dir='ltr' id='par_1_7' title="bbox 284 2105 1328 3962">
     <span class='ocr_line' id='line_1_16' title="bbox 288 2105 1327 2189; baseline -0.002 -17"><span class='ocrx_word' id='word_1_123' title='bbox 288 2111 383 2172; x_wconf 81' lang='lat' dir='ltr'><strong>schol.</strong></span> <span class='ocrx_word' id='word_1_124' title='bbox 406 2111 442 2170; x_wconf 89' lang='lat' dir='ltr'><strong>ad</strong></span> <span class='ocrx_word' id='word_1_125' title='bbox 464 2109 556 2171; x_wconf 79' lang='lat' dir='ltr'><strong>brist.</strong></span> <span class='ocrx_word' id='word_1_126' title='bbox 580 2109 669 2189; x_wconf 90' lang='lat' dir='ltr'><strong>Vesp.</strong></span> <span class='ocrx_word' id='word_1_127' title='bbox 691 2105 765 2173; x_wconf 78' lang='lat'><strong>289.</strong></span> <span class='ocrx_word' id='word_1_128' title='bbox 817 2109 905 2189; x_wconf 86' lang='lat' dir='ltr'><strong>Quod</strong></span> <span class='ocrx_word' id='word_1_129' title='bbox 927 2115 1027 2172; x_wconf 89' lang='lat' dir='ltr'><strong>autern</strong></span> <span class='ocrx_word' id='word_1_130' title='bbox 1048 2111 1126 2188; x_wconf 87' lang='lat' dir='ltr'><strong>apud</strong></span> <span class='ocrx_word' id='word_1_131' title='bbox 1148 2108 1327 2187; x_wconf 83' lang='lat' dir='ltr'><strong>Aristopha-</strong></span> 
     </span>
     <span class='ocr_line' id='line_1_17' title="bbox 288 2224 1328 2301; baseline 0.002 -13"><span class='ocrx_word' id='word_1_132' title='bbox 288 2246 357 2289; x_wconf 88' lang='lat' dir='ltr'><strong>nem</strong></span> <span class='ocrx_word' id='word_1_133' title='bbox 370 2227 479 2289; x_wconf 89' lang='lat' dir='ltr'><strong>chorus</strong></span> <span class='ocrx_word' id='word_1_134' title='bbox 501 2227 630 2288; x_wconf 87' lang='lat' dir='ltr'><strong>iudicem</strong></span> <span class='ocrx_word' id='word_1_135' title='bbox 643 2228 779 2290; x_wconf 89' lang='lat' dir='ltr'><strong>hortatur</strong></span> <span class='ocrx_word' id='word_1_136' title='bbox 790 2229 827 2290; x_wconf 90' lang='lat' dir='ltr'><strong>de</strong></span> <span class='ocrx_word' id='word_1_137' title='bbox 839 2229 1005 2290; x_wconf 78' lang='lat' dir='ltr'><strong>facinoroso</strong></span> <span class='ocrx_word' id='word_1_138' title='bbox 1024 2229 1159 2290; x_wconf 87' lang='lat' dir='ltr'><strong>homine:</strong></span> <span class='ocrx_word' id='word_1_139' title='bbox 1182 2227 1221 2292; x_wconf 83' lang='grc' dir='ltr'><strong>ὃν</strong></span> <span class='ocrx_word' id='word_1_140' title='bbox 1239 2224 1328 2301; x_wconf 83' lang='grc' dir='ltr'><strong><em>ὅπως</em></strong></span> 
     </span>
     <span class='ocr_line' id='line_1_18' title="bbox 288 2321 1328 2429; baseline -0.003 -22"><span class='ocrx_word' id='word_1_141' title='bbox 288 2321 469 2429; x_wconf 72' lang='grc' dir='ltr'><strong>ἐγχυτριεῖς,Ι</strong></span> <span class='ocrx_word' id='word_1_142' title='bbox 485 2346 551 2408; x_wconf 85' lang='lat' dir='ltr'><strong>lieri</strong></span> <span class='ocrx_word' id='word_1_143' title='bbox 567 2351 666 2424; x_wconf 86' lang='lat' dir='ltr'><strong>potest</strong></span> <span class='ocrx_word' id='word_1_144' title='bbox 687 2352 721 2408; x_wconf 91' lang='lat' dir='ltr'><strong>ut</strong></span> <span class='ocrx_word' id='word_1_145' title='bbox 737 2352 823 2426; x_wconf 85' lang='lat' dir='ltr'><strong>po&#39;eta</strong></span> <span class='ocrx_word' id='word_1_146' title='bbox 846 2349 936 2409; x_wconf 87' lang='lat' dir='ltr'><strong>etiam</strong></span> <span class='ocrx_word' id='word_1_147' title='bbox 957 2347 994 2408; x_wconf 88' lang='lat' dir='ltr'><strong>de</strong></span> <span class='ocrx_word' id='word_1_148' title='bbox 1015 2347 1129 2408; x_wconf 90' lang='lat' dir='ltr'><strong>calculo</strong></span> <span class='ocrx_word' id='word_1_149' title='bbox 1151 2345 1328 2424; x_wconf 83' lang='lat' dir='ltr'><strong>cogitaverit</strong></span> 
     </span>
     <span class='ocr_line' id='line_1_19' title="bbox 289 2465 1327 2545; baseline 0 -21"><span class='ocrx_word' id='word_1_150' title='bbox 289 2468 318 2525; x_wconf 92' lang='lat' dir='ltr'><strong>in</strong></span> <span class='ocrx_word' id='word_1_151' title='bbox 352 2465 478 2526; x_wconf 81' lang='lat' dir='ltr'><strong>sitellam</strong></span> <span class='ocrx_word' id='word_1_152' title='bbox 510 2465 630 2538; x_wconf 82' lang='lat' dir='ltr'><strong>(ollam)</strong></span> <span class='ocrx_word' id='word_1_153' title='bbox 664 2465 796 2541; x_wconf 84' lang='lat' dir='ltr'><strong>deiecto,</strong></span> <span class='ocrx_word' id='word_1_154' title='bbox 830 2465 881 2526; x_wconf 88' lang='lat' dir='ltr'><strong>scd</strong></span> <span class='ocrx_word' id='word_1_155' title='bbox 912 2467 1030 2545; x_wconf 88' lang='lat' dir='ltr'><strong>propria</strong></span> <span class='ocrx_word' id='word_1_156' title='bbox 1057 2465 1148 2526; x_wconf 91' lang='lat' dir='ltr'><strong>huius</strong></span> <span class='ocrx_word' id='word_1_157' title='bbox 1175 2465 1256 2526; x_wconf 89' lang='lat' dir='ltr'><strong>verbi</strong></span> <span class='ocrx_word' id='word_1_158' title='bbox 1280 2466 1327 2525; x_wconf 91' lang='lat' dir='ltr'><strong>vis</strong></span> 
     </span>
     <span class='ocr_line' id='line_1_20' title="bbox 287 2579 1327 2666; baseline 0 -22"><span class='ocrx_word' id='word_1_159' title='bbox 287 2589 333 2644; x_wconf 89' lang='lat' dir='ltr'><strong>est</strong></span> <span class='ocrx_word' id='word_1_160' title='bbox 345 2585 374 2644; x_wconf 95' lang='lat' dir='ltr'><strong>in</strong></span> <span class='ocrx_word' id='word_1_161' title='bbox 387 2583 551 2666; x_wconf 74' lang='lat' dir='ltr'><strong>funeribus,</strong></span> <span class='ocrx_word' id='word_1_162' title='bbox 574 2583 624 2644; x_wconf 90' lang='lat' dir='ltr'><strong>ubi</strong></span> <span class='ocrx_word' id='word_1_163' title='bbox 642 2602 679 2643; x_wconf 85' lang='lat' dir='ltr'><strong>ex</strong></span> <span class='ocrx_word' id='word_1_164' title='bbox 691 2582 792 2644; x_wconf 86' lang='lat' dir='ltr'><strong>Minoe</strong></span> <span class='ocrx_word' id='word_1_165' title='bbox 805 2582 956 2645; x_wconf 88' lang='lat' dir='ltr'><strong>Platonico</strong></span> <span class='ocrx_word' id='word_1_166' title='bbox 970 2588 1014 2662; x_wconf 87' lang='lat' dir='ltr'><strong>(p.</strong></span> <span class='ocrx_word' id='word_1_167' title='bbox 1026 2579 1099 2665; x_wconf 84' lang='lat'>315,</span> <span class='ocrx_word' id='word_1_168' title='bbox 1124 2583 1166 2658; x_wconf 82' lang='lat' dir='ltr'><strong>b)</strong></span> <span class='ocrx_word' id='word_1_169' title='bbox 1188 2585 1327 2644; x_wconf 86' lang='lat' dir='ltr'><strong>norimus</strong></span> 
     </span>
     <span class='ocr_line' id='line_1_21' title="bbox 287 2699 1326 2784; baseline 0.004 -24"><span class='ocrx_word' id='word_1_170' title='bbox 287 2703 452 2778; x_wconf 89' lang='lat' dir='ltr'><strong>antiquitus</strong></span> <span class='ocrx_word' id='word_1_171' title='bbox 473 2701 620 2762; x_wconf 89' lang='lat' dir='ltr'><strong>adhibitas</strong></span> <span class='ocrx_word' id='word_1_172' title='bbox 648 2699 740 2762; x_wconf 87' lang='lat' dir='ltr'><strong>luisse</strong></span> <span class='ocrx_word' id='word_1_173' title='bbox 760 2701 901 2762; x_wconf 85' lang='lat' dir='ltr'><strong>mulieres</strong></span> <span class='ocrx_word' id='word_1_174' title='bbox 923 2703 1065 2780; x_wconf 89' lang='lat' dir='ltr'><strong>quasdam</strong></span> <span class='ocrx_word' id='word_1_175' title='bbox 1087 2699 1326 2784; x_wconf 75' lang='grc' dir='ltr'><strong><em>ἓγχυιριστρίας,</em></strong></span> 
     </span>
     <span class='ocr_line' id='line_1_22' title="bbox 288 2819 1326 2898; baseline 0.002 -20"><span class='ocrx_word' id='word_1_176' title='bbox 288 2837 354 2897; x_wconf 83' lang='lat' dir='ltr'><strong>quaa</strong></span> <span class='ocrx_word' id='word_1_177' title='bbox 377 2819 513 2879; x_wconf 69' lang='lat' dir='ltr'><strong>violentur</strong></span> <span class='ocrx_word' id='word_1_178' title='bbox 540 2823 674 2880; x_wconf 74' lang='lat' dir='ltr'><strong>rn&#39;actatae</strong></span> <span class='ocrx_word' id='word_1_179' title='bbox 695 2819 802 2880; x_wconf 76' lang='lat' dir='ltr'><strong>hostio</strong></span> <span class='ocrx_word' id='word_1_180' title='bbox 823 2821 967 2898; x_wconf 85' lang='lat' dir='ltr'><strong>sanguine</strong></span> <span class='ocrx_word' id='word_1_181' title='bbox 988 2821 1151 2898; x_wconf 85' lang='lat' dir='ltr'><strong>aspersisse</strong></span> <span class='ocrx_word' id='word_1_182' title='bbox 1174 2823 1326 2880; x_wconf 86' lang='lat' dir='ltr'><strong>mortuum</strong></span> 
     </span>
     <span class='ocr_line' id='line_1_23' title="bbox 288 2909 1325 3016; baseline 0.002 -20"><span class='ocrx_word' id='word_1_183' title='bbox 288 2937 472 2996; x_wconf 84' lang='lat' dir='ltr'><strong>lustrationis</strong></span> <span class='ocrx_word' id='word_1_184' title='bbox 495 2909 594 3016; x_wconf 76' lang='lat' dir='ltr'><strong>carisa,</strong></span> <span class='ocrx_word' id='word_1_185' title='bbox 621 2955 680 3016; x_wconf 92' lang='lat' dir='ltr'><strong>quo</strong></span> <span class='ocrx_word' id='word_1_186' title='bbox 702 2939 807 3016; x_wconf 90' lang='lat' dir='ltr'><strong>purior</strong></span> <span class='ocrx_word' id='word_1_187' title='bbox 828 2938 863 2998; x_wconf 89' lang='lat' dir='ltr'><strong>ad</strong></span> <span class='ocrx_word' id='word_1_188' title='bbox 887 2937 998 2997; x_wconf 88' lang='lat' dir='ltr'><strong>inleros</strong></span> <span class='ocrx_word' id='word_1_189' title='bbox 1021 2940 1145 3000; x_wconf 88' lang='lat' dir='ltr'><strong>veniret.</strong></span> <span class='ocrx_word' id='word_1_190' title='bbox 1189 2937 1263 2998; x_wconf 89' lang='lat' dir='ltr'><strong>Naru</strong></span> <span class='ocrx_word' id='word_1_191' title='bbox 1286 2955 1325 2998; x_wconf 83' lang='lat' dir='ltr'><strong>ex</strong></span> 
     </span>
     <span class='ocr_line' id='line_1_24' title="bbox 286 3049 1327 3136; baseline 0 -22"><span class='ocrx_word' id='word_1_192' title='bbox 286 3053 421 3132; x_wconf 92' lang='lat' dir='ltr'><strong>pluribus</strong></span> <span class='ocrx_word' id='word_1_193' title='bbox 443 3056 639 3136; x_wconf 81' lang='lat' dir='ltr'><strong>coniecturis,</strong></span> <span class='ocrx_word' id='word_1_194' title='bbox 672 3073 746 3134; x_wconf 88' lang='lat' dir='ltr'><strong>quas</strong></span> <span class='ocrx_word' id='word_1_195' title='bbox 768 3055 854 3116; x_wconf 84' lang='lat' dir='ltr'><strong>alieri</strong></span> <span class='ocrx_word' id='word_1_196' title='bbox 876 3055 1035 3116; x_wconf 84' lang='lat' dir='ltr'><strong>scholiasta</strong></span> <span class='ocrx_word' id='word_1_197' title='bbox 1057 3055 1191 3116; x_wconf 89' lang='lat' dir='ltr'><strong>Platonis</strong></span> <span class='ocrx_word' id='word_1_198' title='bbox 1212 3075 1241 3135; x_wconf 91' lang='lat' dir='ltr'><strong>p.</strong></span> <span class='ocrx_word' id='word_1_199' title='bbox 1258 3049 1327 3114; x_wconf 89' lang='grc'><strong>336</strong></span> 
     </span>
     <span class='ocr_line' id='line_1_25' title="bbox 286 3172 1325 3254; baseline 0.001 -22"><span class='ocrx_word' id='word_1_200' title='bbox 286 3172 423 3250; x_wconf 73' lang='lat' dir='ltr'><strong>bekken,</strong></span> <span class='ocrx_word' id='word_1_201' title='bbox 457 3173 521 3234; x_wconf 84' lang='lat' dir='ltr'><strong>haec</strong></span> <span class='ocrx_word' id='word_1_202' title='bbox 542 3191 610 3234; x_wconf 89' lang='lat' dir='ltr'><strong>vera</strong></span> <span class='ocrx_word' id='word_1_203' title='bbox 633 3175 765 3252; x_wconf 81' lang='lat' dir='ltr'><strong>videtur,</strong></span> <span class='ocrx_word' id='word_1_204' title='bbox 798 3193 865 3254; x_wconf 76' lang='lat' dir='ltr'><strong>quae</strong></span> <span class='ocrx_word' id='word_1_205' title='bbox 887 3191 955 3234; x_wconf 91' lang='lat' dir='ltr'><strong>curn</strong></span> <span class='ocrx_word' id='word_1_206' title='bbox 978 3172 1108 3234; x_wconf 87' lang='lat' dir='ltr'><strong>Platonis</strong></span> <span class='ocrx_word' id='word_1_207' title='bbox 1131 3174 1228 3234; x_wconf 87' lang='lat' dir='ltr'><strong>verbis</strong></span> <span class='ocrx_word' id='word_1_208' title='bbox 1249 3191 1325 3234; x_wconf 93' lang='lat' dir='ltr'><strong>con·</strong></span> 
     </span>
     <span class='ocr_line' id='line_1_26' title="bbox 285 3287 1325 3374; baseline 0.008 -26"><span class='ocrx_word' id='word_1_209' title='bbox 285 3292 381 3350; x_wconf 83' lang='lat' dir='ltr'><strong>venit:</strong></span> <span class='ocrx_word' id='word_1_210' title='bbox 397 3287 490 3355; x_wconf 81' lang='grc' dir='ltr'><strong><em>,ὅσαι</em></strong></span> <span class='ocrx_word' id='word_1_211' title='bbox 519 3287 588 3366; x_wconf 68' lang='lat' dir='ltr'><strong>roll,-</strong></span> <span class='ocrx_word' id='word_1_212' title='bbox 615 3289 742 3373; x_wconf 73' lang='grc' dir='ltr'><strong><em>ἐναγεῖς</em></strong></span> <span class='ocrx_word' id='word_1_213' title='bbox 768 3293 999 3373; x_wconf 72' lang='grc' dir='ltr'><strong><em>καθαίρουσιν,</em></strong></span> <span class='ocrx_word' id='word_1_214' title='bbox 1035 3289 1117 3374; x_wconf 84' lang='grc' dir='ltr'><strong><em>αίμα</em></strong></span> <span class='ocrx_word' id='word_1_215' title='bbox 1146 3290 1325 3374; x_wconf 75' lang='grc' dir='ltr'><strong><em>ἐπιχέοντες</em></strong></span> 
     </span>
     <span class='ocr_line' id='line_1_27' title="bbox 285 3405 1324 3490; baseline 0 -20"><span class='ocrx_word' id='word_1_216' title='bbox 285 3409 341 3472; x_wconf 74' lang='grc' dir='ltr'><strong>τοῦ</strong></span> <span class='ocrx_word' id='word_1_217' title='bbox 366 3405 489 3490; x_wconf 81' lang='grc' dir='ltr'><strong><em>ίερείου.</em></strong></span> <span class='ocrx_word' id='word_1_218' title='bbox 546 3408 679 3472; x_wconf 85' lang='lat' dir='ltr'><strong>Conlcrri</strong></span> <span class='ocrx_word' id='word_1_219' title='bbox 708 3413 807 3488; x_wconf 89' lang='lat' dir='ltr'><strong>potest</strong></span> <span class='ocrx_word' id='word_1_220' title='bbox 828 3409 965 3470; x_wconf 88' lang='lat' dir='ltr'><strong>lustratio</strong></span> <span class='ocrx_word' id='word_1_221' title='bbox 989 3409 1019 3470; x_wconf 93' lang='lat' dir='ltr'><strong>in</strong></span> <span class='ocrx_word' id='word_1_222' title='bbox 1042 3410 1176 3489; x_wconf 79' lang='lat' dir='ltr'><strong>AEscbyli</strong></span> <span class='ocrx_word' id='word_1_223' title='bbox 1209 3410 1324 3470; x_wconf 82' lang='lat' dir='ltr'><strong>Eume-</strong></span> 
     </span>
     <span class='ocr_line' id='line_1_28' title="bbox 286 3521 1326 3607; baseline 0.003 -22"><span class='ocrx_word' id='word_1_224' title='bbox 286 3526 404 3587; x_wconf 91' lang='lat' dir='ltr'><strong>nidibus</strong></span> <span class='ocrx_word' id='word_1_225' title='bbox 415 3545 443 3588; x_wconf 86' lang='lat' dir='ltr'><strong>v.</strong></span> <span class='ocrx_word' id='word_1_226' title='bbox 451 3521 524 3586; x_wconf 85' lang='grc'><strong>444.</strong></span> <span class='ocrx_word' id='word_1_227' title='bbox 557 3527 615 3588; x_wconf 88' lang='lat' dir='ltr'><strong>Alii</strong></span> <span class='ocrx_word' id='word_1_228' title='bbox 638 3528 724 3588; x_wconf 90' lang='lat' dir='ltr'><strong>aliter</strong></span> <span class='ocrx_word' id='word_1_229' title='bbox 736 3529 772 3588; x_wconf 91' lang='lat' dir='ltr'><strong>de</strong></span> <span class='ocrx_word' id='word_1_230' title='bbox 791 3527 847 3588; x_wconf 88' lang='lat' dir='ltr'><strong>hoc</strong></span> <span class='ocrx_word' id='word_1_231' title='bbox 860 3528 979 3588; x_wconf 87' lang='lat' dir='ltr'><strong>nornine</strong></span> <span class='ocrx_word' id='word_1_232' title='bbox 992 3533 1125 3607; x_wconf 80' lang='lat' dir='ltr'><strong>censent,</strong></span> <span class='ocrx_word' id='word_1_233' title='bbox 1150 3529 1326 3606; x_wconf 84' lang='lat' dir='ltr'><strong>vid.prreter</strong></span> 
     </span>
     <span class='ocr_line' id='line_1_29' title="bbox 285 3641 1327 3724; baseline 0.003 -20"><span class='ocrx_word' id='word_1_234' title='bbox 285 3643 512 3706; x_wconf 86' lang='lat' dir='ltr'><strong>Stallbaumium</strong></span> <span class='ocrx_word' id='word_1_235' title='bbox 534 3646 571 3706; x_wconf 86' lang='lat' dir='ltr'><strong>ad</strong></span> <span class='ocrx_word' id='word_1_236' title='bbox 589 3645 721 3706; x_wconf 89' lang='lat' dir='ltr'><strong>Platonis</strong></span> <span class='ocrx_word' id='word_1_237' title='bbox 732 3646 830 3706; x_wconf 85' lang='lat' dir='ltr'><strong>locum</strong></span> <span class='ocrx_word' id='word_1_238' title='bbox 853 3645 926 3718; x_wconf 86' lang='lat' dir='ltr'><strong>(vol.</strong></span> <span class='ocrx_word' id='word_1_239' title='bbox 940 3643 995 3723; x_wconf 83' lang='lat' dir='ltr'><strong>lx,</strong></span> <span class='ocrx_word' id='word_1_240' title='bbox 1011 3666 1041 3724; x_wconf 92' lang='lat' dir='ltr'><strong>p.</strong></span> <span class='ocrx_word' id='word_1_241' title='bbox 1052 3641 1132 3720; x_wconf 76' lang='lat'>372)</span> <span class='ocrx_word' id='word_1_242' title='bbox 1155 3645 1327 3707; x_wconf 87' lang='lat' dir='ltr'><strong>Lobeclius</strong></span> 
     </span>
     <span class='ocr_line' id='line_1_30' title="bbox 285 3755 1327 3843; baseline 0.003 -22"><span class='ocrx_word' id='word_1_243' title='bbox 285 3763 314 3821; x_wconf 92' lang='lat' dir='ltr'><strong>in</strong></span> <span class='ocrx_word' id='word_1_244' title='bbox 338 3762 540 3840; x_wconf 79' lang='lat' dir='ltr'><strong>Aglaophamo</strong></span> <span class='ocrx_word' id='word_1_245' title='bbox 562 3783 590 3843; x_wconf 91' lang='lat' dir='ltr'><strong>p.</strong></span> <span class='ocrx_word' id='word_1_246' title='bbox 612 3759 685 3824; x_wconf 68' lang='lat' dir='ltr'><strong>(sta.</strong></span> <span class='ocrx_word' id='word_1_247' title='bbox 739 3761 906 3841; x_wconf 79' lang='lat' dir='ltr'><strong>Hesychius</strong></span> <span class='ocrx_word' id='word_1_248' title='bbox 933 3755 1051 3824; x_wconf 86' lang='lat' dir='ltr'><strong>easdem</strong></span> <span class='ocrx_word' id='word_1_249' title='bbox 1079 3765 1198 3825; x_wconf 88' lang='lat' dir='ltr'><strong>videtur</strong></span> <span class='ocrx_word' id='word_1_250' title='bbox 1224 3765 1327 3824; x_wconf 86' lang='lat' dir='ltr'><strong>dicere</strong></span> 
     </span>
     <span class='ocr_line' id='line_1_31' title="bbox 284 3877 538 3962; baseline 0.008 -22"><span class='ocrx_word' id='word_1_251' title='bbox 284 3877 538 3962; x_wconf 74' lang='grc' dir='ltr'><strong><em>ἐγκυίικιστρίας.</em></strong></span> 
     </span>
    </p>

    <p class='ocr_par' dir='ltr' id='par_1_8' title="bbox 304 3985 1327 4077">
     <span class='ocr_line' id='line_1_32' title="bbox 304 3985 1327 4077; baseline 0.004 -20"><span class='ocrx_word' id='word_1_252' title='bbox 304 3985 305 3988; x_wconf 34' lang='grc'><strong>“</strong></span> <span class='ocrx_word' id='word_1_253' title='bbox 370 3995 471 4074; x_wconf 86' lang='lat' dir='ltr'><strong>Quum</strong></span> <span class='ocrx_word' id='word_1_254' title='bbox 494 4000 660 4077; x_wconf 84' lang='lat' dir='ltr'><strong>praecipuus</strong></span> <span class='ocrx_word' id='word_1_255' title='bbox 682 4005 713 4059; x_wconf 91' lang='lat' dir='ltr'><strong>et</strong></span> <span class='ocrx_word' id='word_1_256' title='bbox 734 3999 953 4077; x_wconf 87' lang='lat' dir='ltr'><strong>vulgatissimus</strong></span> <span class='ocrx_word' id='word_1_257' title='bbox 975 4000 1099 4060; x_wconf 85' lang='lat' dir='ltr'><strong>ollarum</strong></span> <span class='ocrx_word' id='word_1_258' title='bbox 1123 4017 1195 4060; x_wconf 91' lang='lat' dir='ltr'><strong>usus</strong></span> <span class='ocrx_word' id='word_1_259' title='bbox 1217 4003 1247 4059; x_wconf 90' lang='lat' dir='ltr'><strong>in</strong></span> <span class='ocrx_word' id='word_1_260' title='bbox 1270 4019 1327 4062; x_wconf 91' lang='lat' dir='ltr'><strong>cu-</strong></span> 
     </span>
    </p>
   </div>
   <div class='ocr_carea' id='block_1_7' title="bbox 285 4115 1327 4189">
    <p class='ocr_par' dir='ltr' id='par_1_9' title="bbox 285 4115 1327 4189">
     <span class='ocr_line' id='line_1_33' title="bbox 285 4115 1327 4189; baseline 0.005 -15"><span class='ocrx_word' id='word_1_261' title='bbox 285 4115 474 4189; x_wconf 76' lang='lat' dir='ltr'><strong>lina&#39;esset‚</strong></span> <span class='ocrx_word' id='word_1_262' title='bbox 516 4119 577 4174; x_wconf 88' lang='lat' dir='ltr'><strong>turn</strong></span> <span class='ocrx_word' id='word_1_263' title='bbox 611 4115 828 4179; x_wconf 88' lang='lat' dir='ltr'><strong>adhibebantur</strong></span> <span class='ocrx_word' id='word_1_264' title='bbox 859 4118 948 4176; x_wconf 88' lang='lat' dir='ltr'><strong>etiam</strong></span> <span class='ocrx_word' id='word_1_265' title='bbox 983 4118 1019 4177; x_wconf 88' lang='lat' dir='ltr'><strong>ad</strong></span> <span class='ocrx_word' id='word_1_266' title='bbox 1053 4135 1193 4178; x_wconf 87' lang='lat' dir='ltr'><strong>mensam.</strong></span> <span class='ocrx_word' id='word_1_267' title='bbox 1249 4117 1327 4180; x_wconf 84' lang='lat' dir='ltr'><strong>Nam</strong></span> 
     </span>
    </p>
   </div>
   <div class='ocr_carea' id='block_1_8' title="bbox 0 0 1456 4716">
    <p class='ocr_par' dir='ltr' id='par_1_10' title="bbox 0 0 1456 4716">
     <span class='ocr_line' id='line_1_34' title="bbox 0 0 1456 4716; baseline 0 1"><span class='ocrx_word' id='word_1_268' title='bbox 0 0 1456 4716; x_wconf 95' lang='lat' dir='ltr'><strong> </strong></span> 
     </span>
    </p>
   </div>
  </div>
 </body>
</html>
