2902 4704
577 276 641 342 lna

498 361 722 376 ——u-fin—
751 364 757 374 ι

76 503 170 564 quem
197 485 303 547 laudat
325 485 395 546 Atb.
418 485 436 546 Ι.
461 484 495 561 l.‚
521 486 612 546 tradit
634 485 748 564 cymbia
771 501 839 548 esse
859 489 950 566 ηέηος
971 489 1129 569 ποτηρίων

76 607 224 686 βαθέων
246 608 301 668 καὶ
322 599 449 686 doddo,
481 605 637 686 πυθμένα
657 599 701 688 μη
723 601 858 686 ἐχόντων
882 603 965 688 μηδὲ
983 600 1063 679 ὦκα,
1097 611 1127 667 et

78 722 253 802 Nicander,
276 721 502 803 Theopompum
524 723 568 783 sio
589 722 756 800 appellasse
777 719 812 787 nd
831 727 924 805 χωρὶς
944 719 1044 788 ὠτίων
1064 743 1126 789 πο-

76 841 198 924 τήριον.
246 841 318 903 llaec
339 843 370 902 ei
390 841 470 902 clara
491 845 573 920 sunt,
595 846 627 901 et
648 859 717 902 nera
738 843 888 903 videniur.
930 842 1127 922 AtDidymus

78 963 298 1039 grammaticus
320 979 367 1039 ap.
391 960 460 1021 ltu.
481 953 556 1039 481,
579 958 599 1022 i.
623 960 705 1036 dicit,
729 957 877 1043 αιίμηκες
899 960 985 1023 εἶναι
1006 952 1043 1024 τὸ
1059 981 1126 1026 πο·

78 1079 192 1163 τήριον
214 1083 272 1142 καὶ
293 1074 403 1145 στενὸν
425 1077 469 1165 τῷ
488 1077 621 1162 σχήματι
642 1077 827 1160 παρόμοιον
840 1078 954 1165 πλοίῳ.
997 1077 1126 1139 Letrnn·

79 1201 150 1259 nius
174 1198 324 1280 (Ephem.
348 1192 431 1258 1833
460 1215 489 1275 p.
510 1192 592 1274 605)
614 1197 785 1276 contendit,
819 1213 888 1270 eum
918 1215 984 1258 oum
1019 1197 1127 1257 ceteris

79 1319 275 1399 consentire,
316 1321 457 1393 moleque
479 1317 707 1392 interpretatum
741 1333 808 1375 esse
830 1314 1016 1378 llaorobium
1049 1315 1125 1386 (Sat.

83 1435 115 1510 V,
137 1430 199 1509 21)
224 1434 355 1514 “pooula
377 1451 501 1513 procera
523 1449 559 1494 aa
581 1433 704 1494 naribus
726 1434 863 1496 similia.”
907 1432 982 1494 llibi
1005 1433 1125 1511 quidem

82 1553 156 1614 nihil
180 1555 334 1632 stupidius
354 1555 471 1614 videtur
493 1569 580 1630 quam
605 1553 810 1630 interpretatio
832 1550 992 1628 ldacrobii3
1014 1566 1082 1610 nam
1100 1553 1127 1611 si

82 1673 210 1732 navibus
223 1672 425 1746 similiasunt,
448 1685 656 1748 proconnesus
676 1687 734 1729 non
758 1675 892 1748 possunt·
915 1671 966 1730 sed
988 1670 1126 1746 oblonga,

83 1807 149 1866 qum
182 1790 316 1867 uulgaris
337 1793 384 1850 est
412 1788 590 1866 significatio
620 1787 754 1850 vocabuli
791 1786 954 1872 ἐπιμήκης.
1007 1787 1127 1846 Erravit

84 1912 182 1968 autem
206 1907 378 1968 Macrobius
400 1911 556 1986 propterea
578 1897 658 1984 quod
681 1906 769 1984 paulo
791 1911 859 1966 ante
879 1903 1015 1966 Callixini
1039 1903 1126 1964 verba

84 2026 119 2085 de
131 2027 300 2101 carchesio,
316 2025 464 2108 ἐπίμηκες
474 2025 635 2108 ποτήριον,
646 2027 859 2104 interpretatus
871 2028 935 2086 erat
946 2023 1126 2101 “procerum

85 2145 253 2221 poculuml,
277 2145 336 2206 illio
357 2144 581 2223 lerinensium,
604 2161 672 2204 nam
694 2145 812 2206 uidetur
833 2161 905 2204 sane
927 2143 1052 2203 altitudo
1074 2158 1127 2220 pu·

85 2262 141 2322 nuli
164 2265 260 2322 eliam
289 2261 442 2339 longitudo
470 2261 612 2339 appellari
641 2277 738 2340 posse.
767 2260 850 2321 ·Sed
882 2261 1042 2339 Didymum
1070 2261 1127 2320 hoo

86 2380 274 2460 nontermino,
297 2380 528 2441 dooentadieota
552 2380 639 2440 uerba
662 2381 700 2440 de
721 2379 916 2440 similitudine
933 2381 1028 2439 narie.
1072 2378 1127 2438 lit-

87 2500 164 2558 enim
197 2499 289 2559 humo
331 2500 387 2559 iste
422 2498 565 2560 librorum
604 2497 698 2558 Milli
731 2499 962 2576 quingentorum
999 2497 1127 2572 scriptor

86 2633 120 2673 ux
152 2617 350 2677 similitudine
378 2618 531 2677 nominum
564 2617 694 2697 κυμβίου
726 2620 757 2676 et
784 2613 901 2698 κύμβης
933 2615 1020 2674 nimis
1043 2612 1127 2672 lesti-

90 2739 193 2795 nanter
221 2737 312 2796 eiiam
342 2735 445 2798 lormae
473 2735 697 2795 similitudinem
726 2733 842 2811 efferii,
876 2739 907 2794 et
938 2732 1127 2811 cymbiuma

87 2853 189 2928 cymba
212 2853 260 2914 vel
283 2853 421 2932 poculum
443 2872 460 2914 a
485 2855 600 2930 navigio
623 2852 734 2913 dictum
757 2855 887 2932 putavit3
923 2852 1002 2930 quod
1026 2852 1127 2910 nescio

88 2985 123 3028 an
144 2977 251 3032 eontra
272 2974 323 3034 sit.
373 2971 464 3032 Noun
497 2989 544 3032 res
572 2973 650 3032 enim
674 2975 810 3030 notarum
834 2970 1002 3030 nominibus
1023 2968 1128 3046 appel·

89 3085 203 3169 inniur3
227 3093 259 3150 et
280 3091 348 3168 quis
370 3091 496 3168 dubitat,
519 3091 590 3167 quin
614 3088 720 3166 pocula
742 3089 825 3164 prius
846 3085 1015 3162 habuerint,
1039 3103 1127 3162 quam

90 3182 219 3272 naues?-
247 3208 352 3286 ltaque
382 3209 411 3266 in
441 3207 547 3268 tabulis
576 3205 703 3266 traditur
731 3204 781 3265 Sol
812 3203 966 3264 Oceanum
993 3203 1129 3262 traiicere

18 3331 20 3362 ¹
90 3340 145 3382 non
180 3327 319 3407 navigio,
352 3326 404 3385 sed
434 3324 556 3403 poculo,
590 3327 621 3382 et
652 3341 689 3382 ex
717 3323 867 3382 alveorum
896 3325 928 3380 et
955 3319 1129 3398 poculorum

89 3441 283 3506 similitudine
314 3443 457 3504 navicula
485 3441 609 3524 σκάφαι
637 3445 669 3501 et
695 3438 813 3522 κύμβακ
841 3469 882 3484 -
912 3438 950 3498 de
980 3435 1130 3497 cantharis

91 3575 155 3619 mox
177 3561 407 3622 videbimus-
430 3563 516 3622 dictu
538 3564 624 3633 sunt,
662 3565 696 3620 ut
718 3575 773 3620 nos
795 3559 926 3618 minores
947 3555 1052 3614 lintres
1074 3569 1131 3612 nu-

93 3692 161 3738 cum
180 3685 212 3740 el
233 3697 358 3740 ovorum
388 3679 538 3758 putamina
561 3679 696 3740 dicimus.
718 3709 760 3722 -·
794 3675 963 3735 Posteriora
998 3675 1131 3747 tempore
1222 3697 1226 3708 «

93 3811 149 3854 non
172 3813 249 3875 nego
271 3799 360 3858 etiam
389 3799 536 3858 contraria
557 3797 671 3858 ratione
694 3794 766 3868 ludi,
790 3797 825 3853 ut
846 3796 935 3870 potus
957 3807 1025 3851 oum
1048 3790 1132 3850 navi-

94 3914 210 3984 gatione
243 3915 392 3992 (linierat.
422 3933 469 3994 ap.
498 3915 570 3977 Ath.
599 3906 823 3992 x1,782,r3
851 3907 990 3970 lleinelo
1011 3906 1131 3984 Fragm.

96 4025 204 4093 Cumis.
226 4033 321 4095 Grec.
344 4031 397 4112 lli,
426 4051 456 4110 p.
477 4027 557 4108 372)
591 4036 622 4093 et
651 4029 756 4109 poeula
792 4045 860 4089 uum
893 4025 1018 4103 navigiis
1051 4041 1132 4084 uom-

99 4155 251 4230 pomntur,
269 4151 348 4230 quod
362 4153 392 4211 in
404 4145 635 4235 &adnularim
647 4148 764 4210 videtur
776 4135 934 4228 οῖ’τρκηηεκ
952 4146 997 4215 (v.
1007 4140 1076 4201 inlr.
1086 4136 1134 4210 9).

917 4261 935 4304 u
