2906 4716
620 273 664 340 63

208 475 386 556 AEgyptinm
408 471 466 538 hon
487 489 593 540 nomen
616 474 693 554 apud
715 479 877 557 scriptores
898 481 1074 559 posterioris
1086 487 1161 544 tem·

107 595 225 674 punis,
257 602 318 656 tem
347 595 556 674 grammaticos
578 611 667 672 quum
689 599 805 657 ceteros
828 597 949 674 uulgare
970 597 1036 660 init.
1092 597 1162 660 Vim

110 713 254 778 nominis
273 713 347 774 sotis
369 713 503 774 definivit
522 712 684 775 Athenaeus
708 713 727 774 Ι.
750 713 769 776 Ι.
801 714 879 776 Addi
900 719 1010 797 potest,
1033 716 1163 780 eohoiis·

113 835 192 892 sien
213 831 250 892 nd
272 831 364 892 Arist.
381 830 455 892 doh.
479 825 562 894 1048
582 833 695 915 βησίον
715 831 864 910 appellare
886 833 964 912 quod
987 839 1075 913 poete
1097 835 1163 914 ipee

116 965 151 1010 u.
176 942 261 1008 1053
282 943 501 1032 ἀλάβαστρον.

208 1065 242 1127 si
269 1065 402 1146 exempla
428 1066 519 1129 huius
546 1065 625 1128 vasis
653 1083 690 1126 ex
717 1065 865 1146 AEgypiiis
886 1069 1086 1130 monumentis
1108 1087 1160 1147 pe-

118 1182 214 1244 tendu
235 1185 312 1266 sint,
345 1183 486 1246 mulieres
513 1201 549 1246 ex
580 1183 651 1246 besu
679 1183 814 1246 bibentes
836 1188 963 1266 speotsni
987 1187 1161 1248 crediderim

122 1301 204 1382 apud
226 1301 421 1364 Reseiiinium
443 1303 473 1362 in
495 1300 575 1364 uon.
600 1300 662 1364 Cin.
685 1302 743 1364 tab.
768 1297 831 1384 68,
861 1304 1012 1384 otiumque
1032 1323 1070 1370 ex
1089 1304 1161 1367 besu

122 1421 154 1482 in
178 1423 310 1498 ροίοτοτο
331 1418 534 1482 infundentem
555 1419 626 1484 ibid.
649 1419 706 1482 tsb.
728 1413 781 1487 79.

488 1619 518 1684 4.
560 1621 791 1706 Bouneima

122 1772 197 1834 huin
217 1787 339 1851 prorsus
367 1773 472 1834 similis
500 1777 564 1836 erut
592 1778 667 1835 teste
694 1773 802 1836 Suids:
838 1772 1018 1886 ρορβυίοός·
1041 1771 1163 1860 iudei*
1245 1765 1249 1772 ’

120 1885 160 1954 τὸ
181 1893 292 1973 βησίον
313 1889 499 1973 λεγόμενον.
531 1889 646 1953 Nomen
669 1894 794 1954 estnon
817 1892 1004 1972 AEgyptium
1027 1893 1078 1954 sed
1091 1911 1161 1954 vere

121 2006 278 2085 Grenum3
301 2027 479 2090 quamquem
497 2027 555 2070 non
574 2009 734 2070 admodum
755 2010 906 2090 vulgatum
929 2011 1022 2072 inisse
1043 2013 1161 2076 uidetur

121 2130 245 2206 propter
265 2143 355 2188 usum
376 2126 518 2188 Luoinnei
539 2126 720 2208 Lexiphanis
747 2133 786 2200 (ο.
808 2123 856 2203 7).
906 2128 1038 2192 Primum
1061 2132 1161 2210 epium

122 2245 273 2323 quoddam
292 2261 386 2323 genus
401 2241 568 2328 βομβυλιοί
589 2245 661 2308 dieti
683 2251 755 2307 sunt
776 2255 898 2326 propter
919 2267 1076 2309 susurrum
1097 2251 1161 2310 sive

122 2361 265 2423 bendum
287 2381 375 2442 quem
391 2364 515 2426 votando
538 2363 680 2444 edebant3
706 2383 733 2424 v.
744 2364 834 2425 lsoor.
846 2365 968 2427 Helenes
980 2383 1094 2427 ennom.
1108 2361 1159 2443 lu,

122 2479 176 2541 ubi
198 2485 466 2546 commemorantur
494 2482 546 2560 qui
575 2477 645 2557 τοὺς
672 2477 863 2565 pontiviensis
893 2485 949 2546 καὶ
980 2478 1050 2557 τους
1078 2481 1161 2558 ἅλας

121 2599 179 2662 καί
204 2599 244 2660 od
270 2599 401 2663 τοιαῦτα
424 2600 607 2662 orationibus
629 2600 759 2662 iaudent.
803 2599 880 2661 Tum
901 2601 1041 2679 poculum
1064 2600 1159 2678 quod·

121 2715 192 2778 dum
218 2721 345 2795 angusto
374 2717 469 2795 colio,
505 2719 583 2796 quod
606 2719 684 2779 inter
705 2718 866 2780 bibendum
887 2719 1015 2780 similem
1038 2735 1158 2780 sonum·

122 2833 242 2913 ederet,
277 2835 381 2895 eudem
410 2837 529 2896 nomine
556 2836 736 2914 appellatum
763 2841 827 2918 est3
860 2853 888 2898 v.
912 2835 988 2899 Poii.
1018 2835 1073 2916 Vi,
1101 2828 1158 2900 98:

121 2953 156 3032 β.
178 2946 212 3016 τὸ
235 2945 346 3018 mendo
373 2950 506 3036 ἔκπωμα
534 2955 589 3018 καί
615 2954 759 3037 βομβοῦν
786 2951 822 3021 ἒν
842 2954 880 3045 τῇ
899 2948 1046 3030 reddendo
1074 2949 1157 3020 Ἀν-

122 3071 273 3153 ττσθίνης
306 3067 343 3134 ἐν
370 3071 605 3158 Προτρεπτικῷ.
650 3069 693 3135 Gi.
714 3071 756 3152 X,
783 3065 841 3153 683
874 3069 974 3134 Schoi.
1004 3071 1041 3132 ud
1063 3070 1159 3150 ΑροΙΙ.

122 3185 220 3248 Rhod.
250 3185 293 3266 li,
332 3183 411 3250 569:
457 3187 599 3273 βομβύλη
632 3187 718 3266 εἶδος
748 3188 895 3272 μελίσσης
925 3191 981 3251 καί
1011 3189 1161 3270 ποτηρίου

122 3301 209 3379 eldea
240 3299 284 3380 nic
311 3300 525 3391 Ἀντισθένης
555 3305 790 3388 παραδίδωσιν·
820 3305 885 3370 ἔστι
911 3303 949 3370 dd
969 3306 1061 3372 voum
1089 3319 1161 3368 στο-

121 3420 330 3506 νοτροίχηλον.
363 3423 492 3487 Bekker.
523 3425 634 3487 dneod.
656 3445 686 3504 p.
707 3420 782 3502 220,
814 3418 851 3487 8:
896 3421 1077 3506 βομβυλιός·
1099 3444 1160 3486 πο·

122 3542 229 3623 τηρίου
249 3562 279 3604 τι
300 3538 385 3616 εἶδος
406 3541 608 3625 στενοπόρου.
645 3543 737 3605 Addit
758 3543 852 3605 idem:
875 3545 930 3606 καί
951 3538 985 3605 τί
1008 3535 1160 3622 ἐλαιηρὰν

121 3654 160 3722 dd
181 3649 314 3739 ἄγνυτον
335 3654 415 3722 καθ’
436 3653 608 3743 ὁμοιότητα
628 3659 851 3743 coenosoque
877 3654 1049 3742 βομβυλιὸς
1070 3656 1160 3744 ἐκλη-

120 3777 187 3859 θη,
210 3777 331 3854 quicum
354 3779 503 3840 consentit
523 3777 710 3856 Hesychius:
731 3776 883 3861 βομβύλη·
905 3775 1055 3861 λήκυθος.
1100 3776 1159 3840 Sed

120 3893 171 3956 hio
193 3892 306 3955 ebusus
328 3896 456 3956 nominis
478 3899 539 3977 est,
575 3895 654 3974 quod
684 3897 802 3975 proprie
832 3895 979 3974 significet
1008 3896 1068 3956 vini
1096 3913 1160 3958 em·

119 4011 242 4091 polium.

206 4127 325 4190 Bibisse
349 4134 464 4192 ueteres
496 4147 532 4190 ex
565 4128 720 4210 ampullis,
758 4131 891 4191 videmus
924 4136 955 4191 et
987 4119 1080 4192 τήν.
1104 4129 1161 4190 So·
