2902 4704
790 273 893 340 150‘

301 505 399 548 erareae
420 490 450 546 et
471 475 639 563 argenteae‚'
654 486 688 542 ut
710 479 818 542 docent
839 479 1055 560 inscriptiones
1072 482 1255 559 reperto*).
1289 481 1344 542 uae

301 613 332 666 et
355 601 599 686 ἀπορραντήρια
620 604 716 682 erant,
738 603 774 660 ut
794 599 940 678 vidimus,
963 603 993 659 et
1015 599 1052 660 ad
1075 597 1234 660 iibaiiones
1255 616 1345 661 usur·

302 724 457 803 ponantur,
480 725 515 782 ut
537 722 568 780 in
588 718 720 798 zophoro
742 717 953 798 Parmenonis,
987 721 1019 778 et
1040 735 1107 796 quoe
1128 719 1198 780 usui
1219 735 1343 796 supere·

301 847 379 918 rent,
412 839 566 918 splendida
588 829 761 898 ornamenta
782 839 868 896 arant
888 836 1038 914 opulentae
1059 837 1142 898 sedis.
1195 834 1276 914 Quin
1298 834 1344 897 ai-

195 929 199 938 *
302 957 470 1036 figebantur
508 955 657 1018 interdum
690 957 807 1015 tantum
846 971 901 1032 pro
941 955 1123 1014 ornamentis
1163 949 1344 1032 temptorum

302 1078 399 1155 portis
420 1079 452 1135 et
473 1071 673 1152 lacunaribus,
708 1077 742 1134 ut
762 1071 883 1134 Diodor.
906 1067 959 1148 ΙΙΙ,
980 1067 1043 1132 tt:
1065 1067 1123 1146 τάς
1144 1066 1269 1154 ὀροφάς
1291 1073 1346 1134 καὶ

303 1191 411 1274 θύρας
430 1201 561 1274 χρυσαῖς
581 1188 717 1273 φιάλαις
748 1185 992 1272 λιθοκολλήτοις
1027 1167 1083 1250 itai
1104 1199 1240 1264 ποιναῖς
1261 1187 1344 1252 διει-

302 1309 448 1394 ληφότος
488 1314 520 1370 et
541 1325 633 1388 super
653 1307 805 1387 fastigium
834 1306 940 1385 tempii
962 1305 1041 1367 iovis
1069 1288 1201 1386 Olympii
1235 1307 1344 1380 (Paos.

304 1421 457 1508 v‚10,4)
479 1425 711 1488 Atheniensibus
733 1425 912 1504 Argivisque
933 1423 1197 1504 devietiseiipeum
1219 1443 1346 1486 aureum

302 1547 512 1608 dedicaverant
535 1543 698 1623 Tanagram,
722 1545 770 1604 oui
793 1544 970 1621 inscriptum
992 1547 1073 1605 erat:

346 1658 437 1739 Ναδς
457 1665 519 1744 μὲν
539 1659 666 1746 φιάλαν
684 1663 822 1742 χρυσέαν
843 1657 918 1741 ἔχει,
940 1657 976 1722 λιι
997 1658 1034 1723 de
1057 1657 1233 1742 Τανάγρας

389 1781 446 1856 τάς
466 1777 740 1870 Λακεάαιμονλοις
761 1776 956 1860 οιιμμαχλδος
976 1799 1015 1858 re
1036 1780 1135 1842 τεθὲν

348 1893 452 1980 δάρον
473 1891 530 1960 oin'
545 1891 697 1988 Ἀργοίοιν
710 1899 773 1984 ¹nod
790 1891 978 1978 Ἀθηναλοιν
998 1899 1053 1958 καὶ
1070 1891 1181 1962 turos

389 2009 450 2079 τάν
472 2013 613 2080 δεκάταν
633 2017 724 2090 νίκας
746 2019 857 2080 sineno
878 2015 921 2078 roi
939 2012 1078 2095 notens.

389 2129 501 2193 Phiaiae
523 2132 699 2211 pierumque
720 2151 756 2193 ex
778 2131 917 2211 pretiosis
950 2129 1079 2194 metallis
1110 2130 1244 2192 fiebant(
1288 2131 1347 2192 Aa·

308 2253 429 2329 gentens
465 2254 583 2329 peteras
622 2250 797 2330 rimpiioiter
832 2244 1023 2332 ιλρνορλδας,
1055 2266 1162 2310 aureas
1194 2247 1348 2330 χρυσίδας

196 2443 197 2448 ¹
305 2369 525 2448 immedietas,
548 2373 579 2429 et
601 2369 762 2430 Athenaeus
784 2363 874 2445 (502,
896 2373 930 2440 a)
953 2369 1053 2446 tradit,
1076 2386 1130 2428 neo
1143 2373 1277 2428 aeterum
1300 2369 1346 2444 ig·

306 2493 409 2550 notum
432 2489 488 2549 est.
512 2486 557 2548 ct.
580 2486 632 2549 Ar.
656 2486 724 2548 Pae.
747 2481 826 2566 4253
847 2486 922 2548 Acin.
944 2481 1002 2558 743
1025 2485 1131 2547 Potiux
1154 2481 1276 2564 vi‚99;
1302 2485 1345 2564 X,

307 2599 479 2682 102,104.
534 2606 567 2667 iu
590 2606 688 2666 indiae
720 2600 911 2665 donariorum
939 2603 1106 2666 Atticorum
1129 2599 1162 2666 C.
1184 2601 1208 2663 i.
1230 2623 1260 2666 n.
1283 2598 1348 2662 142²

307 2725 498 2784 nominantur
530 2728 561 2785 et
589 2717 709 2807 φιάλαι
741 2717 881 2805 άργορατ
909 2718 941 2783 et
973 2718 1151 2804 α’ργορλάες,
1184 2725 1219 2781 ui
1250 2721 1345 2782 videri

306 2823 400 2918 possit
421 2832 545 2918 aiiquid'
568 2843 726 2922 interesse3
761 2841 817 2901 hoo
850 2841 949 2901 tamen
977 2841 1105 2900 minime
1137 2845 1253 2900 eertum
1286 2845 1345 2913 eat,

307 2975 374 3017 nam
396 2959 427 3018 io
450 2957 502 3019 tali
525 2959 657 3038 catalogo
680 2960 840 3021 verisimile
861 2967 918 3038 est,
941 2973 1001 3037 quo
1024 2975 1211 3037 quaequeres
1225 2959 1347 3018 nomine

306 3075 416 3136 donata
436 3074 536 3153 fuerit,
570 3077 599 3138 id
632 3095 751 3156 semper
782 3079 932 3136 retentum
969 3095 1045 3136 esse.
1101 3075 1211 3137 Mirum
1244 3081 1347 3136 autem

306 3194 385 3272 quod
408 3193 533 3272 legimus
555 3184 603 3273 ap.
626 3187 696 3256 Atii.
717 3189 792 3275 784,
815 3209 848 3257 a:
883 3191 1034 3278 Ἀργυρίς·
1068 3192 1153 3268 otene
1184 3197 1346 3276 nooppioo,

307 3305 345 3376 οά
358 3295 462 3394 μόνον
483 3309 518 3390 ἐξ
538 3307 684 3395 άρνοροῦ.
702 3309 884 3390 Ἀναξίλας·
906 3315 961 3375 καὶ
981 3315 1090 3375 πίνειν
1112 3309 1146 3388 ἐξ
1167 3307 1348 3393 άργορλδοιν

303 3421 435 3510 χρυσοῖν.
489 3429 615 3492 Diiiioiie
652 3430 799 3490 iudicium
818 3435 864 3491 est
886 3432 922 3491 de
945 3435 1005 3491 iam
1026 3430 1154 3509 obrupto
1180 3429 1265 3503 Ιοοο,
1293 3432 1346 3490 sed

304 3547 423 3608 videtur
442 3552 531 3626 poeta
552 3547 636 3626 ioqui
659 3549 695 3608 de
717 3545 871 3626 argenteis
887 3550 998 3628 pateris
1031 3553 1083 3609 aut
1116 3549 1261 3609 inauratis
1294 3555 1348 3609 aut

306 3714 598 3726 —------—........-.....

325 3809 355 3874 *)
375 3811 404 3860 in
422 3813 507 3864 indice
525 3815 687 3866 donariorum
707 3817 917 3879 deperditionis
940 3823 1055 3882 reperto,
1078 3831 1155 3880 qaaem
1175 3819 1255 3868 edidit
1278 3817 1348 3868 Cur·

372 3894 424 3944 tius
442 3893 641 3961 (inscriptiones
667 3893 928 3968 AttioaX11,n.7)
956 3896 1051 3965 sepius
1077 3887 1200 3965 repetitur
1226 3899 1241 3955 o‘
1268 3902 1348 3955 drino

373 3977 528 4046 ἀποφυγών
554 3977 606 4034 τὸν
626 3983 703 4036 δεῖνα
729 3983 813 4053 φιάλη
837 3987 962 4054 σταθμὸν
985 3993 1017 4040 Η.
1064 3987 1140 4038 Putat
1166 3988 1249 4038 aditor
1287 4001 1348 4039 esse

374 4061 477 4110 donaria
495 4064 656 4124 fugitivorum
675 4081 804 4132 serrorum
824 4069 849 4119 in
867 4069 976 4121 Theseo.
1021 4071 1128 4122 Videtur
1155 4072 1250 4124 obiitus
1278 4085 1349 4135 esse,

376 4143 532 4212 ἀποφυγεῖν
548 4149 599 4198 dici
617 4152 660 4211 qui
680 4154 705 4201 in
725 4153 820 4204 iudicio
839 4155 959 4205 liberatus
980 4157 1020 4204 sit.
1103 4153 1106 4161 '
