2906 4716
764 259 808 326 81
909 349 911 354 ,

270 469 356 535 miles,
374 467 441 531 apud
460 467 538 518 italos
556 466 596 516 tris
613 463 717 516 crateris
735 468 888 526 pepererunt
904 474 998 514 nomen
1015 462 1088 514 “rasi
1106 477 1120 516 a
1138 463 1315 516 eolounette”.

271 570 437 622 inveniuntur
453 568 513 618 talia
530 579 589 617 rasa
608 571 633 617 et
649 579 679 616 er
697 565 753 616 rudi
771 566 832 616 artis
850 578 944 628 genere
962 571 1034 618 etex
1052 564 1152 630 Attioo;
1170 567 1315 628 posteriore

271 678 385 736 tempore
412 670 539 720 interdum
568 681 597 719 ea
623 669 721 718 ratione
747 675 854 734 ornata,
882 680 959 730 quarn
987 667 1014 718 in
1040 667 1169 732 amphoris
1197 667 1315 717 vidimus

272 771 312 838 (p.
330 772 373 838 52,
399 772 441 838 e),
468 777 497 822 ut
517 783 585 822 ense
606 781 716 834 superne
744 769 771 819 in
800 770 891 820 voluto
919 771 1025 820 modum
1052 770 1165 820 formate
1192 769 1256 819 inira
1286 769 1314 818 in

271 887 345 926 aures
362 875 487 924 desinant
522 873 644 934 Exempla
662 885 685 926 v.
702 871 900 924 Panolk.llech.
915 869 994 937 l,2l;
1013 870 1133 922 Gerhard.
1144 871 1208 933 liap.
1226 869 1313 933 n.·27;

272 977 363 1027 illtli.
385 989 428 1029 nn.
440 973 472 1024 15
490 980 516 1026 et
532 975 557 1024 9.
594 973 709 1024 Crateras
728 985 786 1024 esse
803 974 856 1024 hee
873 986 940 1040 rasa,
968 979 994 1024 et
1020 975 1076 1036 ipsa
1102 974 1202 1036 species
1220 978 1314 1022 osten-

273 1080 320 1143 dit,
346 1083 372 1129 et
399 1077 460 1140 pictl
486 1077 605 1128 homiues
632 1087 660 1126 er
686 1074 781 1125 talibus
799 1076 889 1134 ,vinum
914 1074 1059 1126 haurientes
1085 1073 1124 1141 (r.
1143 1074 1207 1124 Pau.
1230 1074 1315 1127 ileon.

274 1181 318 1247 vl,
335 1179 367 1245 63
384 1177 528 1244 Pourtales,
545 1174 601 1243 ot).

357 1281 428 1332 linio
446 1281 532 1342 generi
549 1279 664 1330 Panol'la
674 1282 699 1328 et
710 1277 856 1329 Gerhardus
874 1275 932 1342 (qui
951 1279 1055 1330 uberius
1072 1279 1219 1342 opinionem
1236 1289 1313 1328 suam

274 1383 388 1434 defendit
408 1382 435 1431 in
458 1380 579 1446 Antiquis
601 1381 776 1431 lllonumentis
794 1382 877 1434 lierol.
895 1381 923 1447 1,
951 1395 976 1442 p.
994 1379 1126 1446 unt-56)
1150 1393 1243 1430 nomeu
1260 1381 1314 1430 de-

273 1486 365 1536 derunt
386 1483 544 1550 κελέβην,
570 1487 676 1544 arrepto
688 1482 868 1544 antiquissimo
892 1490 917 1532 et
933 1483 1037 1533 AEolicae
1055 1482 1162 1544 originis
1179 1481 1315 1542 vocabulo,

274 1586 348 1637 euius
365 1587 416 1636 vlrn
435 1585 512 1636 etium
530 1583 668 1634 Atheneus
681 1581 738 1648 (xl,
749 1581 810 1648 1175,
821 1581 848 1649 e)
867 1596 895 1634 se
905 1585 1005 1634 nescire
1014 1585 1112 1637 latetur.
1149 1583 1234 1645 Quum
1252 1596 1316 1634 vero

273 1689 435 1750 antiquorum
453 1687 496 1736 elii
515 1687 563 1736 alia
581 1685 731 1748 coniectent,
757 1690 785 1735 ut
803 1685 897 1736 Suidas
916 1687 1023 1750 pelvim,
1047 1686 1185 1746 Dionysius
1203 1684 1316 1734 Gracilis

275 1801 409 1852 procerum
428 1789 548 1851 poculum
568 1799 634 1850 esse,
657 1799 733 1836 nemo
752 1786 782 1836 da
800 1792 895 1837 cratera
913 1787 1053 1849 quidquem
1071 1787 1203 1851 cogitarit,
1227 1799 1315 1848 neque

277 1894 324 1942 lroc
339 1904 396 1942 cum
412 1891 464 1942 ullo
482 1903 512 1940 er
530 1889 564 1938 iis
581 1888 653 1950 loeis,
672 1889 715 1950 qui
734 1888 903 1956 prolemntur,
922 1890 1045 1952 eorrvenit,
1064 1887 1089 1938 ln
1108 1890 1201 1951 qu‘ous
1218 1893 1262 1938 aut
1279 1889 1315 1938 ad

274 1994 361 2043 vinum
379 1991 565 2042 infundendum
586 1985 640 2054 (ap.
658 1987 874 2057 Anacreontem),
900 1996 944 2042 out
966 1991 997 2041 ad
1024 2001 1117 2052 aquam
1145 1990 1314 2042 hauriendam

274 2092 331 2158 [ap.
351 2089 546 2158 Antimachum)
571 2090 679 2157 κελέβην
702 2096 849 2154 usurpatam
874 2093 999 2142 videmus.
1044 2091 1155 2152 Siquid
1176 2090 1315 2154 deignoto

274 2194 395 2246 vocabulo
413 2194 575 2244 statuendum
595 2197 643 2250 ost,
672 2197 782 2256 presidi,
804 2193 972 2256 antiquiorem
991 2199 1119 2245 auctorem
1137 2192 1220 2256 sequi,
1243 2192 1315 2242 Diu·

274 2309 384 2358 nysrum.

777 2479 811 2530 tl.

360 2621 475 2670 Alterum
493 2630 574 2681 genus
591 2623 735 2680 soporatum
753 2617 847 2668 collum
869 2617 968 2679 corpori
991 2617 1139 2680 impositum
1159 2629 1209 2666 non
1228 2604 1320 2681 habet,

275 2721 320 2770 sed
339 2731 432 2782 eorpus
452 2733 503 2770 uno
520 2725 607 2770 tenore
625 2729 640 2767 a
658 2719 756 2770 nrinore
773 2717 871 2768 ambitu
889 2719 915 2768 in
935 2718 1011 2768 latius
1025 2731 1055 2768 os
1065 2731 1093 2768 se
1102 2718 1228 2781 aperiens.
1262 2717 1315 2768 Vir

273 2806 399 2870 invenitur
416 2819 467 2870 nisi
485 2833 513 2870 er
532 2820 641 2882 eleganti
659 2819 743 2894 Auito
768 2824 793 2869 et
811 2833 840 2870 er
859 2820 947 2870 ltalieo
964 2833 1066 2882 genere.
1100 2819 1247 2885 Nouensis,
1264 2820 1313 2870 sed

274 2921 378 2972 auribus
391 2921 496 2970 tollitur.
530 2921 586 2970 lloe
603 2933 685 2982 genus
703 2921 794 2984 duplex
814 2927 865 2984 est,
884 2934 943 2972 nam
961 2927 1005 2972 aut

361 3021 389 3086 1)
408 3021 507 3083 corpus
516 3027 626 3072 craterae
637 3034 666 3071 ex
676 3027 782 3083 angusta
791 3022 875 3072 radice
885 3035 1001 3085 surgens,
1020 3023 1087 3085 sed„
1099 3022 1142 3072 ubi
1160 3022 1224 3072 satis
1238 3022 1315 3071 intu-

275 3123 348 3186 muit,
366 3123 476 3173 eundem
495 3123 564 3172 orbis
578 3123 702 3172 ambitum
715 3123 819 3172 assidue
833 3135 944 3188 servans,
966 3123 1036 3174 labro
1055 3129 1152 3173 tantum
1169 3123 1312 3184 patentiore

273 3224 367 3288 addito,
385 3223 580 3274 similitudinem
593 3205 874 3287 quandam'campane,
893 3237 970 3286 quarn
989 3225 1063 3274 lrodie
1082 3221 1201 3288 dicimus,
1220 3223 1309 3273 relert.

273 3327 356 3374 Aures
378 3324 405 3373 in
425 3323 555 3388 superiore
572 3330 642 3387 perte
660 3324 735 3386 paulo
754 3323 818 3374 inira
847 3324 946 3374 luorum
964 3325 1090 3398 *apposite
1108 3330 1176 3374 sunt.
1211 3324 1312 3375 Erem-

272 3426 315 3488 pla
338 3439 361 3479 r.
378 3425 486 3475 Panollr.
504 3425 582 3475 ltean.
600 3426 622 3491 l,
640 3423 687 3488 383
714 3423 789 3476 Geth.
808 3425 859 3474 Ult.
877 3425 909 3476 tt.
928 3439 954 3479 n.
967 3426 1006 3494 19,
1034 3428 1078 3489 qul
1097 3427 1160 3478 laiso
1178 3426 1313 3488 orpoapna

273 3527 444 3590 appellarunt,
472 3526 599 3588 ambiguis
623 3525 775 3588 quibusdam
804 3525 901 3577 inducti
926 3528 1064 3580 litterarum
1089 3527 1171 3591 siguis
1194 3528 1220 3578 iu
1243 3529 1313 3591 pede

264 3623 331 3678 'telis
348 3633 458 3678 craterae.
476 3627 573 3678 irrasis.

358 3727 388 3792 2)
406 3727 459 3778 dut
475 3741 520 3778 ras
538 3739 668 3790 nunquam
686 3730 795 3779 eundem
813 3731 937 3780 ambitum
955 3741 1072 3794 serrone,
1099 3743 1201 3794 semper
1227 3731 1313 3792 nugis

273 3829 406 3890 magisque
423 3841 451 3878 se
469 3830 598 3896 pandens,
625 3830 698 3890 quasi
714 3817 751 3880 ⁵er
775 3831 859 3892 calyce
876 3831 988 3892 quodam
1005 3832 1099 3896 surgit,
1125 3844 1140 3880 a
1165 3831 1213 3880 lilii
1239 3831 1313 3880 lloris
1382 3890 1385 3896 ,

272 3928 443 3979 similitudine
460 3941 510 3980 uon
533 3927 679 3980 abhorrens.
724 3929 854 3981 “vaso‘u
881 3931 976 3983 culico”
999 3933 1057 3982 lteli
1084 3932 1181 3982 dieunt.
1224 3931 1313 3982 Aures

272 4030 347 4079 habet
372 4029 499 4079 interdum
526 4031 589 4080 satis
613 4043 718 4092 magnas
743 4032 855 4082 interiori
880 4033 943 4094 parti
962 4033 1099 4094 appositas.
1145 4031 1268 4095 Exempla
1287 4046 1312 4083 v.

272 4130 333 4180 Pon.
351 4130 429 4180 fleon.
450 4128 472 4194 l,
491 4144 516 4180 n.
537 4129 584 4193 173
603 4131 680 4181 Gerlr.
699 4131 748 4182 uu.
768 4133 799 4184 lt.
819 4147 844 4185 n.
865 4133 905 4180 18.
