2902 4704
775 258 839 324 102

291 466 603 551 ιοοχιηιοκιεοει·
628 465 860 551 rhenatnu,
873 460 974 539 aaa
997 461 1161 544 εηιοεξιι
1180 419 1222 528 aa
1244 459 1335 530 aaa·
1417 548 1424 563 Ι
1449 490 1451 493 v

293 584 443 670 θήμαια,
472 584 597 669 φιάλας
624 588 680 648 καί
706 581 854 666 οἰνοχόας
879 585 935 646 καί
962 582 1176 668 θυμιατήρια,
1209 585 1333 662 quicum

240 789 243 794 Δ
278 703 482 784 ὀοοίοεεοόο,
506 721 574 782 qnae
594 705 667 764 citat
687 699 929 779 Arieneos-xl,
951 695 1025 776 479,
1048 700 1076 764 t:
1100 697 1192 776 Ναός
1212 705 1333 766 Μετα-

293 824 461 900 ποντίνων,
494 819 531 896 ἐν
563 815 591 910 ᾦ
621 820 743 904 φιάλαι
771 816 911 903 ἀργυραῖ
934 815 1051 884 ἑκατόν
1071 819 1242 902 τριάκοντα
1263 817 1332 892 δύο,
1439 896 1445 907 Ι

291 939 437 1023 οἰνοχόαι
458 936 598 1022 άρχοραί
615 937 685 1014 όάο,
707 942 738 1000 et
760 953 843 1000 mor:
866 936 995 1020 οἰνοχόη
1012 941 1121 1020 χροσῆ.
1164 938 1204 999 Et
1226 940 1256 998 in
1278 957 1333 1000 re·

292 1077 384 1121 censu
395 1060 586 1120 donariorum
595 1057 810 1135 Hecatompedi
829 1058 995 1134 posteriore
1013 1053 1048 1119 C.
1062 1055 1085 1118 l.
1098 1075 1126 1119 n.
1139 1051 1211 1136 150,
1228 1057 1285 1117 col.
1298 1051 1332 1133 l,

291 1173 388 1239 nilo:
411 1174 557 1259 οἰνοχόαι
579 1172 726 1257 άρχορατ.
777 1173 813 1234 1ο
834 1173 985 1235 Ptolemaei
1008 1191 1115 1253 pompa
1136 1182 1207 1236 sunt
1227 1173 1331 1254 Satyri

290 1302 321 1358 et
342 1295 458 1358 Sileues
480 1298 631 1380 φέροντες
652 1290 683 1358 οἰ
703 1295 764 1375 μὲν
784 1291 949 1373 οἰνοχόας,
983 1289 1016 1356 οἰ
1036 1289 1074 1355 dd
1094 1291 1218 1374 φιάλας
1240 1293 1331 1364 (Aru.
1448 1279 1449 1288 ἰ

292 1414 328 1493 V,
347 1409 420 1495 199,
443 1413 489 1486 b).
532 1413 622 1473 Extat
633 1429 740 1472 nomen
753 1415 897 1489 praeterea
919 1411 949 1470 in
972 1409 1009 1472 tr.
1022 1409 1177 1490 llermippi
1191 1429 1238 1490 ap.
1251 1410 1330 1474 Poll.

290 1531 331 1612 X,
355 1526 418 1590 122
440 1533 519 1591 inter
542 1548 741 1608 neocaesar,
773 1533 804 1590 et
829 1531 859 1590 in
881 1527 933 1590 lrr.
956 1527 1084 1591 Cratetis
1105 1534 1136 1592 et
1156 1528 1332 1592 Polemonis

289 1667 337 1729 ap.
360 1649 430 1710 Alb.
452 1648 507 1728 Xl,
527 1643 603 1728 495,
625 1648 644 1709 b
666 1652 697 1708 et
717 1642 782 1707 474
803 1647 832 1708 d.

375 1767 554 1846 Spectentur
575 1783 654 1844 sape
676 1767 706 1826 in
729 1766 807 1826 rasis
829 1766 917 1844 pictae
930 1765 1071 1827 mulieres
1087 1764 1243 1826 extalibus
1258 1771 1332 1843 gut·

290 1888 328 1946 tis
351 1887 451 1947 vinnm
479 1887 510 1946 in
537 1889 655 1963 pateras
677 1883 835 1944 tundentes
857 1883 967 1944 libandi
990 1901 1088 1945 cansa.
1142 1882 1205 1954 Nee
1230 1902 1331 1946 servae

289 2004 366 2064 hanc
389 2020 510 2081 operam
531 2007 690 2082 proestant3
714 2003 744 2061 in
766 2002 985 2081 antiquioribus
1006 2003 1243 2062 videmnsetiam
1254 2001 1331 2064 Dia-

290 2138 359 2182 nam
381 2120 512 2198 Apollini
541 2122 642 2181 vinum
664 2121 899 2200 ministrantem,
931 2139 960 2183 v.
982 2119 1072 2182 Geth.
1105 2120 1332 2181 “Auserlesene

289 2238 500 2299 Vasenbilder⁷’
521 2237 545 2316 Ι,
569 2231 706 2298 28-30.
748 2238 838 2298 Aliud
871 2241 952 2300 extat
981 2239 1196 2299 nobilissimum
1225 2255 1332 2300 exem-

233 2344 243 2350 *
288 2357 370 2436 plum
392 2359 422 2417 in
443 2356 573 2434 zophoro
585 2355 795 2436 Parmenonis,
817 2356 868 2416 ubi
890 2361 1064 2435 spectantur
1081 2357 1219 2416 mulieres
1230 2357 1332 2418 Athe·

288 2477 406 2536 aienses
438 2479 555 2554 pateras
587 2477 747 2552 gnttosque
779 2479 951 2553 gestantes,
989 2493 1064 2552 quas
1097 2474 1173 2534 male
1205 2475 1330 2552 quidam

287 2573 429 2672 putarunt
450 2610 517 2653 esse
538 2593 679 2653 mulieres
696 2593 758 2656 τῶν
766 2596 922 2674 petolans
932 2591 1158 2676 σκαφηφόροος
1169 2595 1200 2652 et
1208 2585 1329 2675 όόρια-

287 2710 413 2793 φόρους,
436 2729 615 2788 quamquam
637 2728 692 2770 nec
714 2709 815 2788 pelves
837 2729 980 2789 urnaeque
998 2715 1328 2791 suntqnaeportantur,

289 2846 343 2888 nec
354 2832 532 2905 contemptae
544 2830 707 2905 peregrinae
727 2832 841 2888 tanturn
858 2829 1002 2890 honorem
1014 2830 1133 2916 assequi
1151 2833 1325 2908 potuerunt,

288 2949 321 3006 ut
349 2947 379 3004 in
408 2944 539 3004 Deorum
563 2927 684 3024 ‘templis
712 2946 930 3009 dedicarentur.
986 2945 1103 3022 Quodsi
1129 2947 1175 3007 hae
1202 2945 1329 3008 luerunt

286 3064 483 3124 Athenienses
506 3063 662 3144 mulieres,
697 3068 780 3142 patet
808 3065 886 3125 idern
913 3066 1103 3127 statuendum
1126 3083 1192 3125 esse
1214 3065 1251 3125 de
1274 3067 1326 3154 iis,

285 3200 352 3261 quaa
374 3181 518 3243 umbellas
540 3187 658 3259 gerunt.

574 3375 581 3390 ’
674 3380 706 3447 3.
751 3385 931 3468 Πρόχοος
1050 3451 1053 3459 y

283 3541 330 3598 est
351 3553 439 3599 omne
461 3554 514 3598 vas
535 3554 572 3597 ex
594 3555 654 3616 quo
677 3537 776 3615 liquor
797 3537 975 3614 effunditur,
1004 3555 1097 3616 quare
1119 3543 1150 3598 et
1171 3537 1325 3619 cleopater

283 3655 491 3734 complectitur
512 3659 543 3715 et
564 3657 732 3735 gutturnia‚
767 3656 875 3734 quibns
897 3654 1003 3717 Festus
1025 3658 1066 3717 ait
1089 3661 1197 3735 aquam
1218 3657 1255 3716 ad
1279 3656 1324 3718 la·

283 3773 394 3834 vandas
416 3790 521 3836 manus
544 3773 665 3835 ellundi.
721 3773 760 3834 Et
789 3774 837 3834 bic
863 3775 984 3852 quidem
1012 3791 1084 3834 usus
1106 3779 1195 3834 notus
1217 3777 1263 3833 est
1286 3791 1324 3833 ex

282 3883 334 3965 illo
355 3908 455 3971 versu,
479 3892 530 3970 qui
554 3894 613 3950 tam
635 3909 715 3970 saepe
737 3894 864 3953 recurrit
884 3893 963 3970 apud
985 3891 1166 3953 Homerum:
1186 3893 1325 3972 χέρνιβα

281 4003 316 4070 ’δ’
333 4001 518 4090 οἰμφίπολος
528 4009 657 4094 προχόῳ
672 4006 801 4091 ἐπέχευε
812 4013 954 4092 φέρουσα
965 4009 1048 4102 καλῇ
1055 4012 1191 4100 χρυσείῃ.
1215 4009 1324 4096 ‚Aquas

282 4143 332 4206 aas
353 4130 398 4185 est
421 4126 510 4186 etiam
538 4144 584 4203 ap.
608 4125 729 4190 llesiod.
751 4127 862 4206 Theog.
876 4125 949 4205 785„
972 4133 1002 4188 et
1025 4128 1116 4188 Arist.
1140 4126 1216 4188 Nnb.
1240 4122 1325 4191 272:
