2918 4726
673 267 897 370 *χοε-β’

267 481 411 538 numerat.
456 475 488 536 In
511 473 663 535 Ptolemaei
683 491 790 554 pompa
814 473 901 552 (stu.
925 471 961 553 V,
974 467 1046 553 198,
1059 475 1088 554 b,
1111 475 1145 551 c)
1168 475 1309 536 Bacchus

267 604 297 655 et
319 594 416 673 Satyri
445 593 596 654 carchesia
624 611 715 654 aurea
743 597 774 653 ei
802 595 942 670 argentea
970 599 1133 671 gestarunt.
1175 593 1309 654 Athenis

264 707 346 774 Int'er
367 713 488 773 donaria
501 711 569 772 nee
586 711 780 772 servabantur
794 713 952 794 καρχησία
965 706 1092 794 α’ργυρῶ
1113 713 1158 790 (r.
1173 711 1308 774 Boeckb.

268 798 308 893 C..
324 830 345 892 I.
369 849 398 894 u.
421 825 494 910 139,
517 849 545 891 v.
560 825 619 908 19)
646 835 677 890 et
704 829 874 914 καρχήσιον
901 824 1059 910 ἀργυροῦν
1078 825 1157 905 Διὸς
1179 829 1310 904 noum

267 955 314 1022 (u.
327 943 399 1028 141,
421 967 469 1011 vr.
480 943 512 1029 8,
535 945 568 1028 9,
589 943 642 1026 23,
664 943 748 1010 38ε1
771 968 801 1010 u.
815 944 886 1024 150,
909 943 1015 1021 u26).
1059 947 1183 1026 Delphis
1205 949 1308 1026 direp-

268 1070 306 1128 tis
328 1067 470 1147 Phoyiius
491 1071 664 1146 argenteum
685 1067 871 1128 carchesium
895 1065 1117 1158 Pbocreeusium
1147 1067 1309 1128 donarium

269 1187 396 1248 tibicine
418 1187 548 1266 donavit,
571 1204 597 1246 v.
615 1185 686 1248 Atii.
706 1183 797 1262 xnl,
819 1180 894 1260 605,
912 1185 940 1246 b.
984 1183 1134 1263 Babylone
1156 1183 1309 1244 Diodorus

268 1301 353 1378 u‚9
385 1305 476 1365 tradit
508 1304 601 1366 tuisse
628 1301 685 1368 δύο
707 1301 876 1387 καρχήσια,
908 1298 1060 1386 σταθμὸν
1075 1294 1195 1384 Ιἔχοντα
1218 1301 1307 1384 τριά-

268 1444 367 1486 κοντα
388 1421 564 1488 ταλάντων.
620 1420 708 1499 Quod
741 1400 800 1481 iam
827 1441 864 1510 er
892 1421 939 1481 bis
965 1423 1113 1482 coniicere
1127 1424 1307 1500 possumus,

267 1541 424 1620 pretiosum
454 1539 551 1619 poculi
576 1556 669 1618 genus
691 1539 800 1620 tuisse,
833 1540 943 1600 dIserte
966 1539 1121 1618 coufirmat
1141 1539 1307 1616 AIctphrou

268 1658 337 1737 (Ep.
351 1657 389 1737 ΙΙ,
401 1653 450 1734 3),
472 1659 523 1737 qui
535 1657 730 1719 Menandrum
742 1657 812 1718 iacit
824 1658 1012 1736 splendorem
1023 1658 1100 1719 ardre
1116 1661 1308 1736 spernentem

269 1778 332 1839 haec
357 1777 504 1839 scribere:
540 1773 602 1858 ἐγώ
630 1775 667 1840 δὲ
693 1773 750 1851 τοὶς
773 1773 975 1859 Ἡρακλείους
996 1779 1052 1839 καὶ
1083 1773 1123 1838 τοὶ
1149 1775 1308 1860 καρχήσια

268 1898 323 1960 καὶ
344 1891 402 1970 τοὶς
421 1894 571 1978 χρυσίδας
591 1898 647 1958 καί
666 1893 776 1959 πάντα
798 1891 838 1958 τοὶ
859 1893 896 1958 ἐν
917 1905 986 1970 ταῖς
1001 1888 1115 1969 αὐλαῖς
1133 1891 1309 1976 ἐπίφθονα

268 2009 361 2094 παρὰ
383 2001 510 2089 τούτους
531 2010 651 2093 α’χαθοὶ
673 2012 821 2096 φυόμενα
843 2015 905 2077 ndu
925 2009 994 2076 κατ’
1010 2006 1307 2088 §wercede-ode

269 2125 479 2212 u'iicicropur.
536 2132 662 2194 Videtur
693 2149 766 2194 usus
800 2133 1020 2194 carchesiorum
1053 2150 1111 2192 nou
1144 2131 1307 2192 admodum

269 2249 406 2328 vulgatus
430 2249 539 2332 fuisse3
569 2253 683 2311 tautum
706 2252 736 2310 in
756 2251 864 2312 cottabi
887 2249 957 2312 iudo
979 2233 1252 2311 commemorantur
1270 2249 1308 2310 ab

270 2367 342 2430 ath.
364 2367 437 2445 XV,
459 2363 538 2449 667,
562 2387 595 2450 ε,
628 2387 716 2448 quem
745 2370 902 2450 exscripsit
923 2369 1021 2430 Schol.
1044 2369 1096 2432 Ar.
1118 2367 1188 2428 Pac.
1212 2363 1307 2428 1244.

269 2487 356 2566 Apud
379 2487 528 2548 Romanos
551 2505 713 2567 numquam
734 2489 764 2548 iu
787 2505 844 2548 usu
865 2487 997 2566 fuerunt,
1030 2487 1055 2548 si
1078 2491 1160 2548 recte
1180 2483 1310 2546 affirmat

267 2604 399 2668 Moerob.
417 2605 453 2684 V,
479 2601 519 2664 21
544 2624 611 2667 esse
632 2604 927 2684 “pocrdum'Greecis
941 2584 1153 2666 ¹tantummodo
1176 2608 1306 2666 uoturn’'⁸

269 2722 333 2783 IIos
355 2725 461 2784 imilati
483 2730 553 2785 sunt
574 2724 718 2802 VirgIIIus
739 2731 770 2786 ci
792 2723 929 2787 OvidIus.

354 2841 491 2922 Speciem
522 2843 666 2903 carchesii
700 2845 759 2904 iam
780 2841 942 2906 CaIiixiuus
964 2842 1098 2904 Rhodius
1120 2859 1219 2921 opere
1241 2859 1308 2921 pre-

271 2961 344 3021 tium
377 2959 481 3020 hubuii
509 2960 694 3042 describere,
729 2963 778 3039 qui
812 2980 859 3040 ap.
882 2961 953 3023 Ath.
975 2956 1049 3042 474,
1072 2981 1099 3025 e.
1123 2961 1226 3022 ducet:
1260 2957 1308 3024 dn

270 3077 423 3162 ποτήριόν
445 3076 529 3142 ἐστιν
550 3076 711 3162 ἐπίμηκες,
745 3080 938 3162 συνηγμένον
961 3079 1008 3154 εἷς
1032 3083 1131 3162 μέσον
1153 3075 1307 3153 ἐπιεικῶς,

270 3191 336 3260 ὦτα
364 3195 438 3280 ἔχον
465 3200 556 3280 μέχρι
583 3199 637 3262 τοῦ
661 3200 828 3280 πυθμένος
854 3197 1041 3282 κατήκοντα.
1095 3197 1186 3259 Addit
1211 3195 1307 3256 Athe-

272 3333 372 3380 naeus:
388 3315 472 3380 Ἕσα
494 3315 530 3380 δὲ
551 3314 671 3392 ἱκανοῖς
687 3314 836 3400 ἐπίμηκες
852 3312 887 3380 τὸ
905 3315 1056 3400 ποτήριον
1071 3313 1117 3380 τὸ.
1128 3313 1308 3398 καρχήσιον,

271 3437 325 3499 καὶ
353 3435 437 3516 τοέχα
469 3430 526 3497 διὰ
558 3429 593 3499 τὸ
622 3429 848 3499 α’νατετοῖσθαι
869 3431 964 3510 οὕτως
984 3429 1178 3517 ὠνόμασται.
1232 3433 1309 3507 Qun

271 3551 441 3614 Macrobius
463 3553 482 3616 I.
501 3551 521 3616 I.
544 3553 585 3614 ita
607 3554 838 3632 interpretatur:
862 3551 1077 3632 “Carcbesium
1098 3569 1262 3631 procerum·
1279 3556 1310 3612 et

271 3673 349 3732 circs
371 3673 499 3733 mediam
514 3675 629 3750 partem
641 3689 843 3750 compressum
857 3672 1057 3749 memoritur,
1079 3682 1216 3731 ansatum
1228 3655 1308 3731 ausis

177 3794 184 3824 ¹
272 3807 288 3848 a
321 3807 437 3850 summo
469 3789 505 3851 ud
538 3788 671 3850 Intimum
700 3789 947 3868 pertinentibus.”
995 3775 1187 3867 Asclepiades
1209 3793 1308 3850 sutem

273 3905 412 3976 docebat,
445 3923 551 3966 nomeu
582 3907 686 3967 tulisse
715 3925 732 3968 a
762 3907 923 3970 carchesiis
945 3910 1045 3985 navis,
1079 3925 1146 3987 que
1167 3906 1310 3968 describii

272 4017 347 4104 474,
370 4021 395 4100 λς
418 4023 469 4082 sed
493 4023 645 4105 confiteor,
669 4025 817 4087 meverbo
839 4027 904 4087 eius
927 4045 985 4085 uon
1008 4025 1182 4104 intelligere.
1227 4023 1307 4086 Idem

205 4117 207 4129 ί
270 4136 345 4219 488,
359 4140 378 4203 1.
396 4139 547 4202 carchesia
570 4144 654 4218 ponit
676 4145 753 4203 inter
775 4162 809 4204 ea
832 4163 911 4223 vasa,
935 4162 1000 4221 quae
1023 4143 1127 4220 pedem
1150 4142 1287 4204 babeant.
