2906 4716
638 288 714 366 rr¹

546 377 651 386 --.

137 511 189 572 ap.
214 473 290 553 Non.
314 513 341 573 p.
364 487 443 555 545:
470 490 639 554 “alabaster
661 493 766 573 plenus
790 499 961 576 unguentil,
992 503 1023 558 et
1047 499 1176 561 Martial.

137 609 196 688 xl,
217 606 250 688 8,
271 607 308 675 9:
333 607 454 672 “Cosmi
478 609 613 672 redolent
635 612 808 676 alabastra”.

227 729 309 790 Nova
339 732 461 790 materia
490 730 595 810 lapidis
624 732 713 792 etiarn
737 751 841 794 noveru
863 731 988 794 tonnam
1011 737 1176 814 requisivit,

139 867 234 927 quarn
255 849 328 909 satis
349 851 486 910 accurate
507 849 666 928 descripsit
689 849 814 927 Plinius,
848 853 898 929 qui
921 849 958 914 Η.
984 852 1019 914 Ν.
1052 854 1107 932 lx,
1124 851 1178 930 56,

141 961 207 1028 113
229 965 421 1046 ‘elenchos’⁷
443 968 550 1046 inquit,
573 964 770 1046 “margaritas
789 969 939 1048 appellant
958 969 1093 1049 lastigata
1113 973 1177 1034 lon·

140 1085 288 1165 gitudine,
311 1084 524 1146 alabastrorum
535 1085 629 1162 ligura
651 1089 682 1147 in
704 1087 867 1166 pleniorem
879 1088 980 1149 orbern
996 1089 1176 1154 desinentes.
1227 1151 1231 1172 ,

141 1203 207 1264 Hos
228 1204 328 1281 digitis
349 1203 532 1282 suspendere
553 1209 584 1266 et
605 1205 690 1266 binos
713 1212 745 1267 et
767 1211 868 1267 ternos
890 1205 1023 1288 auribus,
1054 1208 1178 1270 semina·

142 1341 211 1383 rurn
234 1321 326 1399 gloria
348 1320 432 1384 est.”-
465 1320 546 1381 ldenr
574 1323 681 1401 (XXI,
711 1320 767 1403 10,
793 1318 848 1397 14)
877 1330 1049 1386 nascentem
1079 1344 1178 1387 rosam

140 1441 323 1517 describens,
357 1457 422 1501 eam
456 1441 653 1502 intumescere
682 1443 724 1503 ait
746 1447 777 1503 et
810 1445 839 1504 in
873 1445 982 1504 virides
1015 1445 1178 1506 alabastros

140 1559 286 1636 saetigeri.
329 1557 374 1619 lta
396 1559 475 1638 quod
498 1560 583 1620 initio
605 1562 735 1622 maleriae
754 1579 859 1622 nornen
878 1560 985 1642 luerat,
1009 1581 1077 1624 mox
1087 1565 1177 1626 etiarn

140 1677 245 1738 [orme
267 1695 373 1738 nornen
396 1675 506 1738 laetum
530 1681 592 1758 est,
626 1683 657 1739 et
685 1679 824 1740 alabastri
853 1680 991 1758 appellati
1019 1685 1107 1756 sunt,
1141 1699 1177 1742 ea

141 1814 320 1876 quacunque
343 1796 465 1856 rnaleria
487 1793 555 1856 laeli
574 1800 675 1878 erant,
699 1815 805 1858 aureos
817 1799 943 1859 vidimus
955 1815 1001 1876 ap.
1013 1798 1177 1878 Theocrit3

140 1933 276 1994 persepe
297 1917 374 1976 vitro
396 1919 427 1974 et
447 1913 550 1992 argilla
572 1915 696 1976 eandem
718 1918 848 1995 speeiem
870 1917 975 1978 imitati
993 1920 1072 1978 sunt.
1118 1915 1178 1976 Ea-

140 2034 272 2113 emplum
294 2052 322 2096 v.
346 2031 435 2095 Gerlr.
459 2034 532 2111 Rap.
557 2053 584 2096 n.
606 2003 657 2097 21.

229 2151 375 2212 Alabastri
392 2171 483 2232 quern
506 2152 592 2213 mulli
614 2153 650 2212 ad
674 2159 804 2213 nostram
827 2141 944 2214 aetatem
967 2156 1176 2232 pervenerunt,

141 2277 296 2350 tum‘saepe
308 2272 421 2330 invasis
430 2271 500 2348 picti
513 2275 694 2350 spectantur,
707 2272 770 2330 sive
782 2271 849 2332 inde
858 2277 1007 2348 unguenta
1021 2269 1179 2332 ellendon-

141 2398 204 2466 tur,
223 2391 286 2450 sive
305 2390 433 2467 inpletis
452 2390 540 2468 positi
558 2394 629 2450 sunt
641 2390 904 2468 unguentariorum
928 2390 1057 2468 seriniis,
1080 2387 1177 2466 qualia

141 2505 439 2592 ἄλαβαστροθήκας
449 2513 480 2568 e't
492 2503 768 2590 ἀλαβαστοθήκας
780 2506 917 2568 dicebant
928 2507 973 2585 (v.
985 2504 1177 2566 Demosthen.

141 2607 315 2706 Parapresb.
328 2621 406 2702 2373
429 2625 503 2686 Poll.
517 2626 557 2700 X,
572 2620 657 2696 121).
691 2625 757 2686 vid.
771 2624 943 2706 Millingen:
967 2623 1124 2690 Peintures
1143 2622 1180 2684 de

141 2763 230 2807 vases
252 2747 289 2806 de
310 2745 442 2806 diverses
463 2745 646 2824 collections,
669 2744 729 2806 tab.
750 2739 799 2804 17.

230 3114 359 3166 Fletiliunr
387 3126 523 3180 vasorum,
554 3127 610 3176 oue
642 3115 690 3164 lure
712 3114 855 3177 pertinent,
881 3113 932 3162 due
957 3113 1066 3162 inarime
1090 3123 1180 3172 genera

141 3219 323 3280 distinguenda
343 3224 409 3269 sunt.

655 3320 673 3367 1.

586 3437 739 3518 Ampullis,

143 3569 202 3618 quae
220 3561 325 3618 angusto
344 3558 418 3621 cello,
438 3557 535 3608 tumido
546 3569 649 3619 corpore
666 3554 922 3606 luterellundendurn
938 3552 1076 3614 singultum
1096 3549 1182 3598 edunt.

144 3658 193 3708 llav
210 3659 270 3721 quia
288 3659 438 3721 plerumque
459 3671 589 3721 suspense
609 3658 723 3718 luerunt,
750 3669 817 3718 sepe
841 3655 907 3717 pede
926 3657 1027 3716 careut3
1055 3651 1182 3701 interdurn

143 3764 230 3810 tarnen
251 3761 321 3810 basis
339 3761 424 3811 addlta
444 3766 491 3816 ost,
511 3765 539 3809 ut
556 3759 677 3821 deposite
696 3764 763 3808 stare
782 3763 894 3820 possent.

235 3861 256 3912 l.
292 3862 491 3914 Globoselorrua
508 3869 652 3924 spectantur
665 3866 778 3910 scorteae
796 3859 923 3920 ampullae
933 3858 989 3907 sine
1002 3869 1062 3906 ansa
1082 3857 1108 3904 in
1127 3856 1184 3905 dis·

146 3965 278 4026 putatione
303 3964 403 4014 laudata
422 3963 553 4014 Letronnii
576 3961 697 4026 (Epnenr.
720 3959 797 4026 1831)
805 3977 813 4024 3
843 3972 928 4008 neure
952 3958 1052 4008 duabus
1070 3957 1140 4007 ansis
1159 3956 1184 4004 in

142 4065 222 4118 llere.
233 4071 258 4116 et
267 4067 358 4130 Povnp.
370 4065 413 4129 Vl,
422 4065 454 4115 ill
464 4071 490 4116 et
506 4064 555 4127 873
574 4065 658 4115 vitree
675 4068 735 4114 sunt
752 4063 778 4112 in
790 4074 855 4114 urus.
867 4059 944 4121 Regis
956 4060 1051 4110 Dante.
1081 4056 1185 4107 Fiotlles

143 4180 221 4218 unam
240 4169 333 4220 habent
351 4179 449 4218 ansam.
495 4165 559 4216 Sunt
577 4165 603 4227 o)
623 4177 650 4214 er
669 4163 772 4224 antiquo
793 4168 816 4212 et
831 4162 886 4212 rudi
903 4172 1008 4220 genere,
1034 4158 1185 4219 plerumque
