2902 4704
561 282 792 381 ,ΒΨ-

153 486 287 550 Penoils
296 487 431 566 vesquotl
440 482 759 564 esilV,6l--vellem
771 490 875 551 eodem
889 492 1007 550 nomine
1018 492 1195 570 appellasset
1223 481 1228 490 ’

153 601 241 668 scs
261 612 293 668 cl
315 626 343 670 n.
369 603 407 668 19
428 639 469 652 -
491 611 571 668 recle
594 606 700 668 iecisse
723 608 848 684 videtur,
870 626 1049 687 quamquam
1068 611 1124 672 hoc
1142 629 1194 670 ex·

151 725 244 787 culice
265 725 419 803 elegenliae
441 730 471 788 sl
493 725 603 788 lielieae
624 727 697 786 erlis
709 725 996 806 vesculumepclvis
1007 727 1088 789 illius
1101 729 1192 792 iorma

150 861 214 904 non
237 841 358 920 paulum
381 849 527 904 remotum
549 849 604 907 esi.
659 843 717 906 Sed
744 849 847 907 exient
873 847 962 906 eiiam
985 848 1193 924 antiquissima

153 961 246 1024 liuius
267 963 386 1040 generis
408 979 490 1040 vase,
522 967 554 1022 el
575 961 681 1039 Tusca,
716 967 749 1023 ui
770 961 861 1024 Gerh.
884 963 943 1026 Uli.
967 961 1004 1026 ll.
1026 981 1055 1026 n.
1078 959 1131 1042 21,
1162 971 1193 1026 cl

150 1082 264 1159 Allice,
288 1084 320 1140 ui
343 1079 497 1142 Poiirlclis
520 1080 578 1142 lab.
600 1076 633 1151 7,
655 1079 745 1142 Geth.
769 1081 842 1160 lisp.
866 1077 967 1155 n.44,
989 1085 1092 1161 etqui
1116 1101 1193 1160 μομ-

152 1203 202 1258 ier
222 1202 338 1260 celeres
361 1197 504 1260 videndus
527 1204 583 1276 esi,
608 1199 769 1260 cenlherus
792 1217 860 1260 cum
881 1201 1021 1277 operculo
1041 1202 1069 1260 in
1086 1199 1192 1262 Museo

151 1315 258 1378 Blaces
281 1313 403 1404 lel).12.
448 1319 562 1380 Eodem
575 1320 694 1380 nomine
704 1317 877 1397 appellanda
894 1319 1033 1379 videnlur
1044 1337 1110 1381 vase
1125 1337 1191 1399 quae

151 1439 225 1494 sunl
245 1453 292 1514 ep.
317 1434 439 1498 Panoll.
456 1436 495 1512 ll,
508 1431 561 1516 47,
585 1435 764 1497 ll’llsncerv.
777 1435 827 1514 lv,
839 1433 891 1513 41,
914 1436 1040 1516 Millicg.
1052 1437 1148 1500 Peinl.
1160 1439 1190 1500 d.

153 1551 248 1616 vises
258 1548 311 1629 36,
334 1555 526 1638 clpoculum
547 1555 575 1614 in
598 1554 720 1615 humani
743 1557 849 1634 cepitis
860 1555 984 1616 lormem
994 1556 1191 1635 pulcherrime

151 1670 266 1748 lictum,
289 1674 369 1760 quod
382 1674 560 1736 delineatum
573 1677 620 1734 esi
642 1675 671 1733 in
694 1672 774 1737 Mon.
787 1672 868 1736 lned.
880 1673 979 1734 lnslil.
994 1674 1078 1736 llom.
1102 1674 1125 1755 Ι,
1137 1669 1190 1738 39.

238 1790 368 1852 Afferem
401 1797 533 1852 extremo
556 1791 621 1852 loco
644 1779 733 1852 verbs
755 1791 938 1869 grammatici
961 1793 1115 1854 cuiusdam
1136 1794 1191 1854 cd·

149 1909 265 1988 scripte
291 1911 321 1970 in
350 1911 483 1988 margine
511 1908 672 1972 Clementis
698 1909 890 1970 Alexsffdrini
919 1909 1075 1989 Pedegcg.
1097 1910 1135 1990 ll,
1155 1907 1189 1984 3,

150 2047 181 2108 p.
206 2019 269 2090 188
290 2026 400 2090 Pollec.
443 2027 620 2111 Κάνθαροι
641 2023 708 2092 cin&
731 2029 786 2096 τοῦ
804 2029 970 2112 σχήματος.
983 2061 1023 2074 ·-
1044 2030 1188 2094 Κάνθα-

151 2167 209 2230 ρος
231 2141 265 2211 τὸ
287 2145 489 2223 λεκανοειδὲς
509 2150 578 2230 μέν,
600 2146 736 2214 ἄνωθεν
756 2145 793 2211 δὲ
814 2143 930 2230 ὁμοίως
951 2146 1078 2231 πώματι
1099 2147 1189 2212 ἐσκε-

150 2267 331 2358 προσμένονΙ
349 2269 465 2348 στομίῳ
493 2261 718 2352 σομμέρρῳΰ),
753 2262 836 2330 κατὰ
867 2270 967 2349 μέσον
994 2262 1189 2350 α’νερρωγώς,

149 2379 308 2466 καὶπρὸς
329 2383 416 2471 ἄκρῳ
448 2383 501 2468 τῆς
529 2387 739 2469 περιφερείας
764 2382 926 2466 προχοῗδι,
960 2381 1019 2468 ἀφ’
1044 2381 1081 2470 ἧς
1103 2395 1190 2452 πιεῖν

148 2499 217 2566 ἔστι
238 2499 452 2585 dicaremus.
496 2501 598 2581 Quum
621 2504 650 2562 in
673 2506 733 2562 lam
756 2506 827 2564 nolo
844 2503 951 2581 poculo
964 2505 1188 2580 grammaticum

149 2623 275 2683 scivisse
302 2623 413 2701 aliquid
450 2639 508 2684 non
540 2623 582 2682 sil
614 2620 803 2700 incredibile,
837 2624 935 2682 umen
965 2626 996 2682 et
1017 2621 1106 2682 verbs
1128 2625 1188 2682 lem

150 2739 361 2821 turbslesunt,
385 2745 415 2802 el
427 2746 487 2802 lem
498 2740 658 2819 singularis
669 2739 843 2818 descriptio,
866 2744 900 2800 ul
912 2740 1051 2820 equidem
1070 2758 1128 2800 non
1151 2741 1188 2802 de

149 2857 307 2920 verborum
329 2865 461 2939 lantum,
496 2860 548 2922 sed
580 2859 670 2922 eliam
699 2860 736 2920 de
769 2859 898 2922 hominis
928 2861 1099 2940 integritate
1128 2877 1185 2920 non

150 2975 225 3038 nihil
247 2977 390 3042 dubitem.

520 3177 551 3246 5.
595 3181 821 3266 Καρχήσιον

149 3349 222 3394 uum
244 3349 276 3394 re
297 3350 367 3394 vere
389 3336 450 3393 lam
471 3335 627 3412 antiquum
649 3333 750 3414 luerit,
774 3337 808 3394 ul
820 3331 952 3411 luppiter
963 3333 1112 3394 Alcmene
1134 3335 1187 3396 de·

148 3451 239 3532 decii,
268 3469 333 3512 esm
355 3453 550 3531 quaestionem
573 3452 716 3513 Alhecaeo
738 3458 784 3530 (p.
807 3445 887 3530 474,
912 3450 937 3523 l)
966 3451 1185 3532 relinquamus,

149 3569 256 3630 sellem
269 3568 447 3650 Pherecydis
469 3575 556 3632 oetsle
577 3572 606 3632 in
630 3589 685 3632 usu
708 3571 802 3632 luisse
815 3573 941 3640 constal,
965 3570 1016 3647 qui
1040 3569 1097 3629 hoc
1118 3589 1186 3631 nec-

148 3691 274 3748 csversl.
318 3687 492 3751 Allerunlur
510 3690 666 3751 abeodem
686 3690 829 3753 Atheneo
849 3683 924 3768 475,
947 3706 974 3749 ο.
996 3688 1106 3766 singuli
1128 3689 1184 3751 loci

148 3803 307 3886 Sapphus,
342 3807 519 3887 Sophoclis,
552 3807 754 3888 Antiphanis,
787 3809 839 3886 qui
874 3807 952 3867 inter
973 3801 1185 3892 ἄργυρῶματα

149 3967 452 3986 ⁸¹¹—2———n—u—

172 4085 200 4150 *)
218 4087 261 4139 Sic
281 4088 445 4142 scribendum
469 4105 525 4144 esse
551 4107 594 4156 ccc
615 4100 731 4156 corrupte
754 4091 785 4146 oi
808 4094 911 4168 μέτρῳ,
939 4107 983 4166 mc¹
1003 4097 1089 4146 docuit
1107 4095 1183 4145 lied-

215 4173 307 4234 ligius.
