2902 4704
659 205 885 308 ...102-

252 417 384 476 comicua
405 414 459 492 xl,
470 409 545 493 469,
561 414 591 492 b,
614 414 665 492 qui
686 429 738 474 eos
761 410 918 495 δυσχερεῖς
939 414 1078 493 appellat,
1104 418 1161 485 be.
1176 412 1294 493 graver,

252 537 376 612 propter
396 531 628 610 magnitudinem
655 531 777 610 opinor,
809 533 861 609 qui
888 531 973 593 facile
1000 533 1100 593 ebrios
1123 533 1293 606 redderent,

252 653 374 729 qrricum
396 651 533 728 congruit
554 650 634 728 quod
656 666 724 710 cum
748 649 908 715 Rhodiacie
935 650 1069 727 poculis,
1098 667 1166 728 que
1186 665 1295 727 magua

253 768 385 848 luerunt,
407 772 632 847 componuntur.

333 881 577 968 Ἐμβασικοίταν
598 886 725 950 eundem
747 884 894 947 dicebant.
937 886 1026 946 Errat
1056 885 1094 948 ll.
1122 884 1293 964 Stephanus

255 1005 436 1066 transitivam
458 1006 517 1065 vim
539 1004 609 1065 huic
631 1003 772 1064 vocabulo
795 1003 938 1077 tribuens,
961 1001 1063 1082 “quud
1087 1007 1223 1081 potantes
1248 1003 1295 1063 la·

253 1127 335 1184 ceret
356 1120 524 1205 ἐμβαίνειν
544 1116 601 1196 τὰς
622 1121 767 1202 κοίτας”;
788 1137 843 1182 nec
864 1123 963 1182 minus
981 1123 1083 1181 errant
1095 1121 1293 1181 recentissimi

253 1240 384 1301 thesauri
407 1241 547 1318 editores,
569 1241 692 1317 propter
712 1237 891 1300 obscoenum
914 1238 1046 1300 Petronii
1080 1238 1179 1298 lusum
1211 1243 1292 1316 (cap.

251 1353 307 1429 24)
340 1359 430 1418 etiam
463 1358 594 1436 speciem
631 1357 704 1418 huie
739 1356 860 1418 vasculo
898 1357 1062 1418 tribuentes
1101 1356 1293 1417 obscoenam.

255 1473 363 1536 Verum
385 1477 472 1558 κοίτη
494 1491 552 1535 σου
575 1475 672 1536 solum
694 1475 848 1536 bominum
870 1479 945 1556 erat,
975 1475 1026 1534 sed
1051 1476 1141 1535 etiam
1163 1473 1294 1534 cibario-

254 1611 318 1654 rum
341 1592 472 1676 (κίστη),
496 1597 530 1654 ut
551 1594 639 1654 docel
660 1591 765 1653 Pollux
792 1591 840 1669 X,
861 1588 914 1672 91,
937 1597 984 1671 εί,
1017 1597 1050 1654 ut
1072 1593 1193 1670 opinor,
1217 1592 1292 1654 riui.

255 1710 380 1772 Videtur
402 1713 492 1789 igitur
512 1712 569 1772 hoe
591 1727 661 1789 ras,
694 1711 774 1788 quod
807 1711 837 1771 in
866 1717 1012 1772 crateram
1033 1709 1239 1772 demitteretur
1261 1714 1294 1770 et

252 1830 338 1906 quari
360 1829 471 1890 lectum
492 1830 553 1891 vini
575 1829 799 1908 conscenderet,
822 1825 1047 1912 ίμβασικοίτας
1068 1828 1177 1889 dictus.

517 2059 548 2124 3.
592 2059 739 2148 Κοτύλη
760 2065 823 2126 rive
844 2062 1015 2139 κότυλος.

336 2229 534 2312 Apollodorus
547 2250 594 2312 ap.
607 2233 678 2293 Alb.
690 2231 745 2314 Xl,
756 2228 829 2315 479,
853 2251 880 2297 a.
901 2234 971 2298 πᾶν
992 2225 1027 2296 νδ
1049 2227 1168 2312 κοῖλον,
1182 2233 1292 2311 inquil,

252 2348 385 2433 κοτύλην
396 2347 531 2416 ἕκοέλουν
549 2345 581 2414 ολ
601 2349 749 2431 παλαιοί,
772 2351 859 2430 male,
882 2351 1022 2430 quoniam
1045 2355 1105 2411 tam
1127 2349 1241 2411 infinita
1261 2357 1294 2411 et

252 2467 311 2529 late
333 2473 437 2547 pateus
461 2471 542 2530 notio
565 2470 595 2529 iu
616 2470 767 2547 primariis
789 2469 957 2530 nominibus
980 2487 1037 2528 nou
1061 2473 1117 2532 est.
1165 2468 1292 2550 Κοτύλη

251 2589 370 2664 proprie
391 2587 511 2648 trullam
533 2585 700 2665 significat3
723 2587 776 2648 sed
798 2593 920 2666 propter
942 2587 1038 2648 trullae
1068 2587 1215 2666 quandam
1245 2589 1291 2648 si-

251 2703 448 2764 militudinem
470 2707 561 2766 etiam
583 2704 648 2764 aliae
670 2722 717 2764 res
740 2723 820 2766 cavae
852 2703 984 2769 κοιύλαι
1017 2705 1104 2766 dictae
1137 2709 1222 2779 suut,
1258 2711 1294 2765 ut

251 2820 438 2881 acetabulum
460 2821 593 2901 femoris,
614 2841 641 2886 v.
664 2821 752 2885 Hom.
775 2821 809 2886 ll.
833 2845 861 2903 ε,
881 2817 962 2884 305:

294 2971 348 3059 Τῷ
367 2957 624 3054 βοῖλενΛίνείαο
645 2937 714 3037 κατ’
734 2973 835 3056 ίσχίον
856 2961 944 3038 ἔνθα
970 2997 1002 3037 ae
1022 2972 1121 3058 μηρὸς

292 3089 382 3178 ίσχίῳ
404 3088 619 3176 ἐνστρέφεται,
642 3089 777 3175 κοτύλην
798 3090 837 3155 δέ
856 3095 891 3155 τί
908 3113 966 3174 μιν
987 3093 1165 3156 καλέουσιν.

251 3243 311 3302 dlii
339 3245 466 3304 eundem
496 3242 627 3310 ἄλεισον
647 3249 678 3305 et
698 3242 811 3308 κύλικα
833 3243 982 3320 dicebant,
1004 3264 1031 3306 v.
1053 3243 1122 3306 altr.
1138 3243 1196 3324 Xl,
1212 3240 1291 3322 479,

252 3379 279 3438 ο,
301 3362 354 3422 aed
376 3361 612 3440 vulgatissimum
635 3379 742 3423 nomen
764 3363 829 3422 erat
850 3359 1030 3445 κοιυλήδοιν
1050 3367 1093 3436 (v.
1116 3363 1168 3425 Ar.
1195 3361 1288 3442 Vesp.

253 3473 350 3560 laun
383 3481 508 3542 Aristot.
530 3479 607 3540 lliat.
640 3479 757 3542 animal.
788 3474 1052 3560 t‚13;ul‚7),
1087 3497 1146 3557 quo
1168 3482 1292 3542 nomine

249 3597 341 3656 etiam
362 3614 433 3657 cava
456 3597 505 3657 illa
527 3596 702 3658 dicebantur
733 3598 764 3656 in
793 3596 922 3658 braebiia
949 3596 1145 3698 polypcdum,
1179 3597 1291 3676 quibus

250 3713 437 3791 prehendunt
469 3718 500 3774 ct
531 3713 779 3794 complectuntur.
834 3715 1045 3775 Similitudinis
1076 3733 1165 3776 causa
1197 3715 1289 3774 etiam

249 3829 337 3889 ludus
359 3831 456 3891 dictus
479 3827 515 3898 ίν
536 3829 669 3922 κοτύλῃ,
688 3832 756 3912 ubi,
786 3833 838 3910 qui
866 3833 961 3894 victua
982 3837 1057 3913 erat,
1080 3837 1148 3911 post
1170 3837 1288 3908 tergum

249 3947 368 4007 retortia
391 3947 524 4008 manibus
547 3947 690 4010 victorem
720 3953 838 4026 portare
867 3949 1010 4029 debebat,
1044 3950 1129 4012 llexia
1161 3949 1291 4028 genibus

249 4083 318 4126 cava
342 4083 481 4126 manuum
505 4068 589 4144 quasi
613 4066 764 4126 acetabula
786 4073 987 4147 prementem,
1012 4087 1038 4128 v.
1056 4069 1226 4147 Apollodor.
1240 4086 1288 4145 an.
