2906 4716
1007 192 1009 204 Ι

998 249 1005 256 .

660 291 671 304 ’
786 269 808 336 l

924 313 933 324 Ν

682 357 910 386 ...q-¹*-

758 478 781 549 s
802 469 832 534 2.

366 636 440 718 Oua
461 633 498 700 de
521 654 618 700 causo
639 631 673 698 iu
694 629 844 720 sepulcris
866 629 1227 720 tarentasiensem

364 798 470 878 Populi
500 802 534 858 ut
561 797 598 858 de
626 799 721 858 morte
750 798 902 876 statuunt,
934 799 976 857 its
999 799 1135 856 mortuos
1157 796 1314 876 sepeliunt.

278 917 339 993 Qui
371 933 405 978 se
432 916 536 976 mortis
564 915 692 975 adventu
723 918 828 994 putent
855 914 958 976 beatos
985 915 1014 974 in
1044 917 1186 976 ueternum
1213 933 1317 994 paoem

279 1035 377 1098 redire
398 1039 429 1095 et
450 1035 480 1094 in
503 1035 636 1113 parentis
658 1036 772 1094 nnlurae
793 1034 893 1094 sinum
914 1031 1051 1111 dissolvi,
1083 1033 1217 1111 eorporis
1245 1034 1317 1095 reli-

278 1155 381 1232 quias,
404 1157 437 1213 ut
457 1153 586 1231 primum
608 1151 872 1230 decessurumue,
897 1128 1042 1212 ¹festinent
1063 1149 1183 1212 llnmmn
1205 1151 1317 1215 delere.

278 1273 339 1348 Qui
360 1275 460 1332 autem
482 1271 587 1330 inanes
609 1267 770 1330 interorum
792 1268 930 1330 tenebras
952 1268 1094 1343 horrent,
1128 1287 1183 1330 neo
1206 1270 1263 1330 nisi
1285 1271 1317 1329 in

277 1407 331 1466 eo,
364 1387 445 1466 qnod
471 1387 625 1466 uiderunt,
659 1405 785 1466 corpore
813 1386 904 1448 ullam
927 1393 1048 1464 sperent
1070 1384 1133 1448 lore
1155 1387 1314 1449 humanam

277 1508 379 1584 vitum,
413 1505 486 1566 nibil
509 1506 604 1582 magis
626 1509 784 1584 verentur,
818 1522 907 1590 quom
929 1523 966 1564 ne
988 1523 1046 1564 non
1069 1507 1141 1566 setis
1163 1506 1214 1566 diu
1236 1507 1315 1568 inte-

277 1642 363 1702 grum
386 1627 557 1701 permanent
579 1623 714 1684 nadaver.
759 1621 803 1682 Hi
822 1623 893 1701 quia
915 1641 974 1683 non
997 1623 1225 1704 intellexerunt,
1247 1621 1314 1684 obr-

275 1761 330 1820 pns
359 1759 419 1802 non
447 1758 514 1802 esne
541 1741 710 1818 bominem
742 1757 802 1804 nou
834 1741 950 1802 minore
977 1759 1049 1802 euru
1077 1741 1181 1818 dignos
1208 1745 1316 1820 putant

276 1863 413 1920 mortuos
435 1877 523 1937 qnam
545 1861 638 1938 rivos,
660 1862 720 1920 imo
742 1860 854 1920 maiore
876 1861 979 1941 etlam,
1001 1863 1148 1937 quatenus
1171 1859 1221 1920 illa
1243 1876 1316 1922 oona

276 1977 411 2054 quotidie
433 1977 530 2054 repeti
549 1981 659 2054 potest,
682 1975 746 2036 haec
768 1975 858 2038 semel
883 1975 1010 2036 habetur
1032 1979 1063 2038 in
1085 1993 1173 2036 omne
1196 1981 1313 2054 tempus

275 2083 431 2153 mensura(
466 2091 571 2170 linque
593 2092 745 2170 ridemus,
768 2092 874 2154 domus
898 2093 1028 2184 mortuis¹
1051 2091 1211 2152 aediliuelns
1234 2111 1312 2168 esse,

273 2229 290 2271 n
312 2211 447 2271 vivorum
469 2210 684 2270 domiciliis'eo
705 2210 832 2270 maxime
848 2207 1032 2289 differentes„
1053 2209 1132 2287 quod
1146 2208 1212 2270 lune
1227 2227 1312 2270 oure·

275 2331 353 2390 rent.
395 2327 458 2390 Has
484 2333 537 2389 nul
563 2331 737 2406 supergestn
758 2330 837 2388 terre
859 2344 982 2405 prorsus
1004 2327 1042 2388 ab
1062 2326 1216 2418 hominum
1239 2345 1311 2388 oon-

273 2450 378 2526 spentu
400 2449 550 2526 removet,
566 2493 569 2496 .
584 2450 637 2506 sul
663 2449 809 2508 exoanntae
835 2445 920 2524 rupis
948 2444 1027 2506 letus
1047 2449 1149 2524 portas
1171 2445 1314 2523 lugubres

272 2564 404 2628 ostendit
424 2564 674 2642 praetereunlibus
696 2568 746 2636 (ut
768 2564 797 2624 in
810 2561 941 2641 AEgypto
960 2563 1138 2642 etEtrurie3
1160 2582 1188 2626 v.
1203 2563 1310 2626 Rosel·

273 2682 326 2742 lini
352 2679 394 2741 M.
422 2678 457 2742 G.
483 2681 542 2741 tob.
563 2675 602 2760 33
645 2679 837 2742 Monumentn
865 2679 980 2740 inedita
1008 2679 1143 2742 instituti
1172 2681 1311 2762 Romani,

273 2797 352 2878 qnod
364 2797 472 2858 dieitur
484 2793 583 2862 “delle
594 2795 849 2875 Corrispondenzn
863 2795 1105 2876 Archeologicar,
1130 2798 1188 2862 vol.
1202 2798 1227 2878 1,
1250 2801 1308 2862 tub.

270 2907 438 2994 48et60);
461 2914 636 2992 plerumque
648 2918 839 2974 monumenta
850 2918 1056 2994 superstructa
1068 2915 1166 2978 locum
1177 2917 1310 2978 indicant

272 3033 329 3111 pie
350 3033 500 3092 memorio
522 3035 729 3092 consecratum
756 3050 832 3094 esse.
888 3032 964 3108 Qum
992 3037 1091 3093 sutem
1119 3036 1149 3094 in
1173 3037 1309 3098 vivorum
1376 3080 1378 3085 -

272 3149 430 3210 domiciliis
452 3150 604 3229 proposito
632 3149 765 3230 luerent,
799 3153 833 3212 ut
854 3154 885 3210 et
908 3155 972 3212 tuto
994 3155 1025 3210 el
1046 3153 1200 3212 commode
1221 3152 1309 3214 habi·

271 3271 403 3338 uretur,
436 3267 539 3328 endem
561 3269 592 3326 in
613 3267 661 3328 bin
682 3273 879 3330 mortuorum.
922 3266 1027 3346 ltaque
1048 3267 1181 3348 AEgyptii
1203 3271 1310 3348 iugen-

270 3388 316 3443 les
337 3387 453 3444 montes
474 3389 663 3462 excavarunt,
685 3389 748 3465 aut,
771 3386 856 3462 quusi
879 3401 936 3444 non
959 3389 1039 3448 terre
1061 3395 1177 3462 montes
1198 3405 1308 3466 suppe·
1333 3471 1337 3476 Ι
1369 3395 1372 3402 ’

252 3473 399 3580 uitaret,
432 3501 489 3581 ipsi
511 3501 704 3563 aeditiearnut.
748 3503 846 3564 Etiam
869 3504 997 3564 maiores
1019 3507 1113 3566 nostri
1136 3505 1308 3584 ingentibus

226 3621 231 3632 '
269 3619 379 3680 conctis
402 3619 548 3698 lapidibus
570 3617 694 3681 cellulas
714 3625 767 3681 aut
788 3636 879 3700 supra
899 3625 1009 3682 terrem
1022 3619 1306 3702 (“Steendyssor”]‚

268 3740 321 3796 aut
343 3734 418 3796 inira
441 3731 549 3802 terrum
564 3737 662 3816 paullo
675 3739 803 3800 maiores
817 3736 1054 3818 [“Jettestuer”)
1067 3744 1305 3802 construxerunt.

155 3861 165 3878 ⁶
268 3853 392 3932 Antiqui
414 3859 515 3916 nutem
534 3853 627 3916 ileliae
654 3855 759 3918 ineolae
782 3857 919 3936 sepulcra
940 3861 992 3918 rut
1013 3857 1043 3916 in
1066 3856 1190 3935 rupibus
1212 3857 1306 3918 ineisa

301 4123 327 4202 ἂ)
346 4151 366 4186 ν.
386 4105 511 4186 Rosolllni
529 4135 692 4187 Monumenti
710 4139 768 4188 dell'
785 4139 877 4200 Eglllo.
896 4139 967 4192 bion.
988 4139 1057 4189 Clrll.
1078 4141 1098 4198 l,
1119 4153 1143 4202 p.
1162 4137 1304 4189 lul-llll.
