2902 4704
760 255 822 322 142

269 479 363 540 genus
384 479 421 522 cx
443 459 601 544 permultis
621 459 763 522 fictilibus
785 459 870 521 uobis
904 462 1093 523 notissimum
1118 467 1181 544 est3
1214 462 1316 524 Lace·

269 581 431 642 daemonius
450 577 604 658 Aristopb.
630 597 677 657 ap.
700 580 773 639 Alb.
795 573 869 658 484,
893 577 919 656 l‚·
940 579 1029 640 'l'eius
1050 579 1168 642 Alcaeus
1188 575 1315 661 481‚a;

269 697 360 760 Chios
392 697 573 777 Hermippus
593 691 668 776 480,
701 713 735 780 c3
768 696 897 775 Argivos
928 695 1097 759 Simonides
1128 699 1313 778 Amorgiuus

268 809 343 896 480,
366 835 399 896 a,
422 817 471 877 ubi
504 815 666 880 atheneus
698 815 786 876 verba
820 821 930 894 poetae:
953 813 1032 900 αὕτη
1063 815 1100 879 δὲ
1130 818 1312 900 φοξίχειλας

270 935 499 1014 intorpretatur:
526 929 546 1018 ἦ
572 933 618 1008 εἰς
639 929 695 1011 α’ξύ
721 928 901 1017 ἀνηγμένη,
928 933 991 1000 niul
1012 935 1093 1002 elota
1119 932 1151 1000 oi
1173 934 1310 1017 ἄμβικες

269 1051 472 1137 καλούμεναι·
508 1053 601 1131 male,
636 1054 776 1130 quoniam
804 1071 860 1113 unc
889 1053 948 1114 ulla
970 1055 1084 1132 species
1106 1056 1201 1132 magis
1222 1053 1310 1114 calici

269 1175 497 1245 communest,
521 1190 574 1231 nec
597 1172 622 1231 si
645 1173 742 1249 ipsum
764 1187 815 1230 vas
837 1176 957 1232 acutum
979 1173 1037 1232 dici
1070 1173 1183 1252 potuit,
1215 1173 1311 1232 ctiam

268 1292 383 1353 labrum
405 1293 520 1370 potuit3
543 1309 577 1350 os
599 1293 756 1366 angustum
779 1293 834 1369 est,
858 1307 916 1349 nou
939 1295 1070 1352 acutum.
1107 1289 1188 1368 Quid
1206 1295 1309 1351 autem

269 1409 482 1492 significaverit
504 1408 682 1483 Simonides,
712 1425 749 1467 ex
772 1411 831 1468 tam
853 1409 980 1487 abrupto
1003 1409 1070 1469 loco
1092 1409 1224 1470 divinare
1245 1426 1308 1468 non

268 1545 355 1607 queo.
377 1557 420 1570 —
442 1525 591 1586 Describit
612 1525 774 1586 Athenaeus
794 1519 869 1604 480,
889 1545 915 1586 e.
937 1527 1060 1588 calicum
1082 1529 1230 1606 quoddam
1251 1546 1309 1605 ge·

270 1665 339 1726 nus,
373 1647 403 1705 iu
437 1645 533 1724 patria
569 1661 622 1703 sua
650 1642 792 1704 Naucrati
828 1644 1006 1706 conlectum.
1058 1645 1162 1720 Etotv,
1195 1647 1307 1724 iuquit,

268 1762 443 1849 φιαλώδεις
470 1765 546 1845 μὲν,
578 1757 616 1826 ori
641 1755 725 1824 nacci
750 1759 882 1844 τόρνον,
921 1757 994 1828 a'tt’
1019 1760 1125 1845 ὥσπερ
1158 1761 1307 1847 δακτύλῳ

267 1885 495 1964 πεποιημέναι,
521 1883 576 1942 καὶ
589 1877 712 1960 ἔχουσιν
725 1875 791 1944 ὦτα
815 1883 963 1963 τέσσαρα,
987 1883 1143 1964 πυθμένα
1158 1881 1203 1956 εἰς
1216 1879 1307 1944 πλά-

267 2023 318 2075 τος
335 1998 552 2080 ἐκτεταμένον.
595 1996 667 2057 Pau.
691 1996 743 2078 ΙΙΙ,
765 1993 809 2057 60
834 2002 928 2077 putat,
951 2017 984 2059 se
1006 1998 1208 2060 Naucratitem
1230 1999 1307 2060 cali-

269 2136 332 2178 cem
362 2117 535 2194 ostendere3
568 2115 675 2176 vellem
706 2117 908 2196 meminisset,
938 2119 1028 2178 etiam
1049 2117 1107 2178 alia
1129 2117 1307 2192 desiderari,

268 2253 357 2314 quam
379 2237 520 2314 quattuor
542 2234 792 2312 ansas-Apud
813 2233 979 2296 Martialem
1004 2233 1088 2314 XIV,
1113 2231 1174 2293 102
1193 2239 1225 2294 et
1240 2227 1308 2294 108

268 2357 537 2415 commemorantur
558 2352 726 2412 Surrentini
749 2357 779 2412 et
800 2353 957 2430 Saguntini
979 2352 1096 2416 calices.
1157 2351 1309 2412 Vatininni

266 2477 365 2533 autem
387 2491 423 2532 ex
446 2470 531 2531 foedo
554 2471 682 2549 quodam
704 2476 817 2549 sutore,
840 2472 937 2549 quiin
956 2469 1084 2531 Neronis
1106 2470 1173 2530 aula
1194 2488 1307 2530 scurrae

267 2596 365 2669 partes
377 2589 482 2666 agebat
497 2584 865 2668 (sacrosantcum),
887 2589 1063 2650 dicebantur
1084 2590 1172 2650 vitrei
1183 2589 1307 2664 quidam

267 2708 374 2768 calices
398 2709 477 2766 nasis
499 2707 676 2784 quibusdam
703 2707 850 2767 instructi.
884 2705 1159 2768 commemorantur
1180 2725 1196 2766 a
1219 2705 1307 2768 blar-

266 2825 335 2885 tiale
356 2823 439 2904 xlv,
460 2820 519 2884 96:

353 2941 429 3004 Vilia
451 2944 563 3004 sutoris
585 2943 706 3004 calicem
727 2948 918 3006 monumenta
942 2943 1039 3004 Vatini

352 3062 478 3142 Accipe3
502 3061 553 3122 sed
577 3079 666 3122 nasus
689 3061 805 3140 longior
826 3061 876 3122 ille
898 3061 964 3122 luit.

269 3184 331 3240 tum
353 3198 370 3240 a
392 3179 532 3240 luvenale
554 3179 590 3256 V,
615 3175 672 3238 46:

350 3297 508 3358 Heliadum
530 3301 646 3358 crustas
668 3300 698 3356 et
720 3297 881 3374 inaequales
905 3257 1016 3376 beryllo

352 3415 439 3475 Virro
462 3419 544 3475 tenet
566 3415 699 3493 plrialas3
723 3414 775 3474 tibi
800 3433 857 3474 non
880 3417 1077 3476 committitur
1098 3431 1214 3474 aurum.
1241 3447 1285 3462 -·

349 3532 395 3592 Tu
421 3533 617 3592 lleueveutaui
639 3535 750 3593 sutoris
773 3549 880 3594 nomeu
902 3534 1061 3594 habentem

351 3650 482 3712 siccabis
505 3651 626 3712 calicem
649 3669 787 3712 uasorum
810 3656 962 3730 quattuor,
988 3669 1022 3712 ac
1045 3653 1103 3710 iam

352 3766 535 3845 Quassatum
558 3772 588 3828 et
610 3773 697 3847 rupto
720 3774 892 3846 poscentem
915 3769 1058 3848 sulphura
1080 3769 1167 3830 vitro.

266 3885 399 3947 Eandem
422 3887 574 3948 retroiendi
597 3889 742 3948 rationem
764 3892 975 3950 commemorat
996 3885 1141 3948 Martialis
1161 3883 1202 3961 Χ,
1219 3879 1255 3964 3,
1274 3883 1319 3948 3:

351 4002 428 4082 Quas
450 4002 625 4081 sulphurato
649 4004 722 4065 nolit
744 4009 821 4065 emta
844 4010 978 4066 ramento

350 4120 537 4183 Vatiniorum
558 4127 719 4198 proxeneta
743 4121 915 4184 tractorum.
