2902 4704
776 275 840 342 112

377 481 485 544 Omnis
505 483 544 545 rb
566 481 664 544 intuso
685 485 861 544 numeretur
881 483 976 544 amica
996 481 1136 562 Frterno,

415 601 455 662 Et
476 603 545 681 quia
568 601 649 664 nutta
669 603 762 679 veuit,
785 605 818 662 tu
840 599 926 679 mihi,
947 600 1068 682 Somne,
1089 597 1171 663 reni!

288 751 436 830 Cynthum
458 772 527 814 cum
558 759 674 815 cratera
707 772 765 815 non
798 753 989 827 convenire,
1006 754 1125 814 videtur
1155 755 1247 814 etiam
1282 751 1323 812 ef·

288 869 337 932 tici
360 890 396 932 ex
419 871 629 933 Eratosthenis
650 872 716 933 ioco
738 872 825 944 (Ath
841 865 982 952 482,o):
1014 870 1130 958 κυάθῳ
1150 875 1212 954 μὲν
1232 865 1326 936 oddo

287 987 422 1071 ἐχρῶντο
443 987 519 1054 οὐδὲ
538 988 664 1081 κοτύλῃ·
685 991 827 1074 ιιραιῆρα
848 986 912 1072 reip
933 995 1069 1054 ίστασαν
1089 1013 1117 1054 ιι.
1139 1013 1166 1054 τ.
1187 991 1218 1056 ί.

373 1106 507 1188 Cynthus
526 1109 578 1170 ubi
600 1127 770 1170 mensuram
792 1109 915 1186 indicat,
936 1113 983 1169 est
1004 1113 1088 1170 serta
1109 1127 1177 1188 pars
1206 1107 1323 1187 cotytae,

287 1245 413 1305 eamque
445 1228 574 1288 arbitror
613 1227 764 1305 vulgarem
799 1225 892 1287 tuisse
934 1244 1038 1286 eorum
1080 1227 1324 1306 magnitudinem.

287 1345 388 1420 Quum
425 1347 455 1407 in
494 1344 749 1426 splendidioribus
793 1345 936 1405 conviviis
973 1347 1106 1424 argentei
1145 1350 1249 1404 essent
1282 1349 1323 1417 (.

287 1461 482 1524 Pherecrates
509 1440 540 1524 et
569 1463 671 1524 Alexis
705 1481 751 1541 ap.
784 1461 854 1525 Atb.
882 1457 963 1543 424,
996 1463 1026 1541 h,
1059 1468 1090 1524 et
1116 1458 1196 1540 502,
1219 1461 1248 1534 i)
1281 1461 1324 1522 vei

287 1580 378 1640 etiam
398 1582 494 1657 aurei,
516 1583 653 1661 gemmei,
676 1581 822 1642 murrhini
855 1581 971 1658 (quates
1000 1581 1096 1642 trullae
1124 1599 1171 1660 ap.
1193 1579 1324 1641 luvenat.

287 1693 445 1777 ur‚108;
476 1697 537 1760 Cic.
564 1699 650 1763 Verr.
672 1699 728 1778 Ν,
760 1694 819 1776 273
851 1693 1226 1779 Prin.xxx11,7,20),
1261 1691 1322 1758 tum

289 1817 376 1895 vulgo
399 1835 435 1877 er
456 1836 515 1878 aere
537 1823 633 1898 erant,
655 1823 689 1879 ut
705 1818 888 1896 Hermippus
899 1836 948 1896 ap.
962 1815 1036 1880 Potl.
1049 1818 1088 1896 X,
1102 1813 1165 1877 122
1180 1835 1234 1878 eos
1247 1818 1323 1878 inter

288 1935 408 2017 χαλκία
421 1938 563 1998 nominat.
605 1936 700 1996 Aeuei
724 1935 865 2016 inerunt,
880 1953 956 2014 quos
978 1935 1136 1997 calefactos
1157 1935 1322 2013 sugillatio·

288 2055 376 2113 uibus
398 2053 587 2131 imponebant
609 2054 746 2114 medendi
779 2071 886 2134 causa;
919 2055 956 2114 de
989 2072 1049 2132 quo
1072 2055 1207 2115 videatur
1228 2051 1322 2114 schot.

286 2171 324 2232 ad
335 2173 386 2232 Ar.
398 2169 467 2232 Pac.
488 2165 568 2234 542:
589 2166 836 2255 ὑπωπιασμέναι
857 2175 912 2235 καὶ
933 2170 1071 2248 ιιοοίθοις
1087 2174 1323 2254 προσκείμεναι.

286 2287 330 2354 Cf.
353 2289 480 2370 Lysistr.
501 2285 581 2353 444:

372 2443 403 2506 el
423 2442 507 2528 τᾶρα
529 2439 568 2530 νῆ
589 2439 645 2529 τὴν
668 2441 849 2526 Φωσφόρον
869 2439 925 2528 τὴν
943 2437 1019 2526 χείρ’
1040 2441 1150 2524 ἄκρανί

280 2605 285 2616 -
371 2560 468 2656 ταύτῃ
488 2565 679 2644 προσοίσεις,
701 2559 832 2627 κύαθον
854 2560 989 2646 αἰτήσεις
1011 2561 1103 2644 τάχα·

287 2737 318 2792 et
345 2731 481 2809 Euripid.
505 2748 551 2810 ap.
580 2730 654 2792 Pott.
677 2731 720 2811 X,
749 2725 828 2794 108:
863 2729 884 2816 ἢ
919 2729 1090 2814 κύαθονῆ
1121 2728 1325 2814 χαλιιὴίαιον

286 2843 398 2932 ἠθμὸν
419 2852 598 2931 προσίσχων
622 2849 727 2915 τοῖσδε
747 2860 812 2926 τοῖς
831 2843 999 2926 ὑπωπίοις.

371 2965 507 3046 Speciem
529 2968 629 3048 cyathi
657 2987 817 3031 concavam
846 2969 933 3047 longo
965 2967 1120 3029 manubrio
1148 2969 1324 3028 instructam

287 3089 368 3146 recte
399 3085 531 3146 ostendit
563 3086 694 3150 Pauoilm
729 3087 781 3161 (li.
804 3087 871 3167 Vll,
892 3082 930 3164 5)
964 3089 994 3147 in
1026 3105 1097 3147 vase
1130 3087 1254 3166 pictam3
1288 3083 1326 3146 ci.

287 3203 406 3266 Hercul.
434 3207 466 3266 et
500 3203 602 3283 Pomp.
635 3205 693 3288 Vt,
727 3199 780 3270 93.
833 3204 899 3265 Non
928 3206 1015 3283 pauci
1037 3205 1122 3265 aenei
1154 3203 1255 3282 cyathi
1289 3201 1325 3262 ad

287 3327 420 3383 nostrum
442 3327 560 3402 tempus
581 3327 791 3402 pervenerunt,
814 3343 841 3386 v.
855 3324 978 3384 Beckeri
1001 3322 1076 3385 Gaii.
1098 3322 1158 3384 tob.
1179 3316 1212 3399 4,
1234 3315 1325 3380 ῃο.7

286 3443 317 3500 et
332 3434 363 3502 8.
408 3439 441 3500 ln
464 3441 511 3500 his
534 3442 667 3502 videmus
690 3460 792 3503 ausam
815 3442 851 3502 ad
874 3441 1118 3520 perpendiculum
1135 3441 1324 3518 pendentem,

285 3559 337 3618 scd
361 3577 398 3620 ne
420 3577 454 3620 ea
478 3561 597 3638 quidem
619 3561 756 3636 vascuta,
791 3579 918 3638 quorum
952 3577 1023 3620 ansa
1055 3559 1184 3637 aequoris
1215 3557 1324 3617 lineam

285 3679 432 3757 sequitur,
455 3678 558 3756 quates
582 3696 653 3740 usus
674 3679 725 3739 itte
747 3680 776 3738 in
799 3675 1326 3756 sugillationibusflagitorevidetur,

284 3797 459 3871 cyathorum
483 3797 602 3856 nomine
624 3799 809 3875 privaverim.
852 3797 1041 3859 inlesum
1067 3795 1154 3856 Herc.
1177 3799 1208 3854 et
1219 3791 1324 3869 Pomp.

286 3909 336 3988 tl,
357 3907 408 3974 68.

370 4031 457 4109 Apud
480 4031 655 4092 Atheuceum
678 4032 734 4112 Xt,
755 4028 829 4110 480,
853 4033 880 4094 b.
903 4034 1043 4110 tegimus:
1072 4031 1200 4103 Κοαθίς
1231 4049 1325 4091 κοτι-
