2906 4716
805 282 850 346 ‘20

315 493 443 552 venisset
464 508 527 569 ara,
552 507 675 552 necesse
696 491 793 568 esset,
824 493 906 548 retro
928 490 1037 550 cedens
1059 490 1089 549 in
1119 491 1205 568 peius
1233 495 1358 552 mutare

230 659 248 670 .
312 615 372 671 tur.
428 609 476 669 An
502 608 587 670 obliti
616 625 719 670 sumus
746 607 903 684 preclaras
936 607 1001 670 illae
1034 607 1190 686 epichyses
1222 607 1358 686 Atticas,

312 745 379 806 quae
390 727 539 789 Bacchum
553 731 605 788 aut
626 727 684 788 alia
707 743 764 785 nou
787 727 878 806 picta,
900 727 953 786 sed
976 726 1055 805 typis
1077 743 1217 805 expressa
1240 726 1361 786 babent

313 849 365 918 (v,
381 845 575 923 Staclrelberg
596 842 711 908 Grttber
731 845 760 906 d.
782 843 859 904 Hell.
882 843 942 905 tab.
964 839 1133 918 tlt-tm?
1155 843 1227 905 llaec
1248 849 1359 906 autern

313 981 397 1044 vasa,
430 983 497 1042 quae
526 963 571 1025 rel
602 963 713 1042 argine
743 962 823 1024 color
850 961 927 1024 alius
949 964 1067 1040 generis
1095 981 1161 1024 esse
1183 964 1285 1040 docet,
1320 965 1357 1023 in

311 1080 488 1164 Campania,
510 1082 638 1162 Apulia,
661 1079 813 1157 Calabria,
843 1081 993 1153 Lucania,
1027 1080 1151 1142 Bruttiis
1173 1083 1263 1161 ipsis,
1296 1081 1356 1142 ubi

311 1203 429 1278 reperta
452 1207 533 1281 sunt,
569 1201 711 1262 fabricata
733 1201 879 1263 videntur.
923 1198 955 1258 ln
979 1199 1087 1278 quibus
1110 1201 1197 1260 terrie
1219 1218 1257 1260 ue
1278 1200 1356 1280 quis

311 1318 428 1380 dubitet
454 1321 525 1398 quin
547 1319 684 1380 floruerit
705 1336 754 1380 ars
782 1317 923 1395 plastica,
961 1321 1099 1397 monent,
1134 1323 1168 1379 ut
1189 1317 1246 1380 hoc
1268 1322 1354 1396 utar,

311 1436 450 1514 praeclara
475 1437 524 1496 illa
546 1441 720 1498 ornamenta
731 1434 927 1513 Metapontini
946 1435 1048 1514 templi
1070 1455 1107 1496 ex
1129 1437 1231 1514 argilla
1252 1441 1353 1500 cocta.

313 1553 371 1614 Sed
394 1573 457 1614 rem
480 1554 600 1616 coniicit
622 1557 741 1616 iuuenta
763 1573 841 1614 anno
864 1547 949 1616 1898
970 1551 1050 1616 Oriae
1073 1556 1102 1616 in
1117 1553 1226 1632 Apulia
1247 1553 1352 1631 figlina

312 1671 428 1732 officina
452 1677 496 1748 (v.
518 1671 625 1736 Rullet.
648 1674 674 1734 d.
700 1672 771 1733 lust.
795 1667 882 1734 1834
902 1691 931 1751 p.
953 1667 1029 1746 55),
1052 1674 1131 1734 vasis
1152 1672 1260 1734 referta
1281 1691 1355 1733 om-

311 1791 393 1852 nium
415 1809 571 1869 generum,
600 1793 727 1852 maxime
750 1793 815 1852 eius
839 1792 974 1870 generis,
1005 1789 1084 1870 quod
1106 1789 1247 1868 frequens
1268 1791 1353 1852 circa

311 1908 429 1970 Barium
463 1915 526 1990 est,
568 1927 694 1987 quorum
723 1912 807 1988 nigra
836 1907 1009 2004 superficies
1038 1909 1169 1988 corollis,
1201 1909 1354 1987 capitibus

310 2025 413 2086 aliisve
435 2026 522 2088 rebus
544 2030 617 2088 satis
639 2045 729 2104 parce
751 2032 855 2088 ornata
877 2033 924 2088 eat
946 2027 1012 2090 albo
1035 2027 1210 2106 plerumque
1231 2025 1352 2090 colore:

186 2153 188 2158 ’
310 2148 343 2202 ut
366 2143 402 2202 de
423 2141 471 2202 his
493 2143 597 2206 saltem
621 2145 698 2206 nulla
720 2145 865 2206 dubitatio
888 2149 990 2206 restet.

395 2259 465 2338 Quo
487 2265 621 2339 tempore
643 2263 766 2324 desierit
787 2263 844 2324 hoc
866 2281 959 2342 genus
981 2265 1044 2324 sive
1066 2266 1140 2326 artis
1162 2265 1224 2324 sive
1244 2263 1353 2342 potius

310 2378 431 2459 opificii,
458 2397 516 2440 non
539 2379 626 2441 facile
649 2382 784 2443 dixerim.
828 2381 999 2444 Gerhardus
1021 2384 1176 2461 usquead
1199 2383 1230 2445 S.
1253 2380 1286 2444 C.
1308 2383 1352 2443 de
1435 2381 1436 2420 ³

310 2497 544 2560 Bacchanalibus
574 2503 617 2572 (a.
641 2493 703 2562 186
732 2519 759 2561 a.
788 2499 858 2562 Chr.
890 2505 935 2574 n.)
965 2502 1101 2580 perducit
1128 2505 1250 2579 propter
1279 2517 1351 2578 my-

279 2639 283 2648 1
310 2617 470 2676 steriorum
491 2619 647 2678 rationem.
691 2617 768 2678 Eum
790 2621 864 2678 satis
885 2619 1025 2682 refutavit
1047 2619 1208 2680 Kramerus
1230 2637 1258 2696 p.
1283 2611 1351 2677 137

308 2750 390 2810 sqq.,
414 2734 465 2810 qui
489 2735 551 2812 ipse
574 2739 693 2809 censet,
725 2736 781 2796 sub
803 2737 967 2800 secundum
990 2737 1136 2800 Punicum
1158 2737 1268 2798 bellum
1289 2736 1347 2795 de·
1433 2781 1434 2788 ,

308 2868 392 2911 sisse.
1430 2791 1434 2938 l

391 2969 454 3030 Nec
476 2975 574 3030 tamen
597 2972 663 3032 ideo
685 2973 844 3052 figulorum
866 2991 915 3036 ars
938 2976 1042 3036 desiit:
1066 2977 1126 3036 imo
1139 2975 1241 3036 tloruit
1255 2989 1346 3052 quam

307 3089 432 3148 maxime
454 3091 484 3148 et
506 3107 560 3166 per
580 3107 684 3154 omnes
708 3095 802 3153 terras
824 3093 941 3170 vulgata
963 3098 1024 3173 est3
1049 3113 1103 3154 nec
1124 3091 1346 3172 pulchritudine

306 3206 450 3268 cedebant
470 3207 620 3286 prioribus
642 3228 678 3271 ea
699 3227 788 3285 vasa,
823 3229 890 3290 quoe
911 3215 979 3289 post
999 3209 1249 3290 conficiebantur,
1283 3225 1343 3268 uon

307 3325 433 3401 penicilli
458 3326 598 3387 ductibus
620 3329 673 3388 sed
695 3329 774 3406 typis
796 3309 910 3390 ornata.
965 3325 1243 3392 commemorantur
1264 3327 1343 3405 apud

305 3441 460 3503 Horatium
482 3447 513 3502 et
533 3442 702 3508 Martialem
715 3443 874 3524 Campana,
899 3444 1042 3522 Cumana,
1066 3447 1253 3523 Surrentina,
1274 3445 1344 3523 alia3

303 3560 356 3620 sed
378 3561 506 3622 maxime
533 3563 610 3641 apud
633 3560 761 3624 Plinium
784 3561 921 3644 XXXV,
954 3565 985 3629 S.
1008 3561 1078 3644 46„
1113 3566 1204 3627 multa
1233 3581 1344 3642 genera

303 3683 526 3744 enumerantur.
570 3679 701 3742 Omnino
728 3699 781 3760 per
808 3683 907 3744 omnia
931 3688 1065 3763 tempora
1088 3688 1219 3745 testacea
1240 3680 1344 3760 supel-

303 3793 402 3854 lectile
424 3797 585 3860 utebantur
612 3799 648 3860 ad
677 3800 829 3878 vulgarem
862 3807 893 3862 et
920 3803 1086 3881 simplicem
1114 3803 1183 3863 ritae
1211 3799 1343 3880 cultum3

302 3911 354 3972 sed
376 3911 445 3974 vilia
466 3914 530 3977 baec
552 3923 656 3996 eraut,
679 3937 733 3980 nec
744 3923 812 3997 post
822 3920 982 3984 Alexandri
992 3919 1094 3999 Magni
1118 3924 1234 3982 aetatem
1257 3917 1342 3996 quis-

299 4047 399 4107 quam,
423 4032 508 4094 cuius
529 4037 588 4096 vita
611 4035 699 4114 paulo
721 4037 830 4098 lautior
851 4044 942 4117 esset,
966 4057 1024 4098 non
1047 4055 1139 4100 aenea
1152 4043 1183 4100 et
1200 4041 1343 4118 argentea

300 4165 369 4208 vasa
394 4149 521 4213 habebat
543 4157 585 4225 (v.
598 4153 813 4215 Eratosthenes
834 4161 865 4215 et
888 4153 1008 4216 Polemo
1032 4175 1079 4234 ap.
1103 4155 1242 4232 Atth,
1263 4147 1340 4234 48¹2,
