2902 4704
716 268 942 378 .,..9-⁸....

295 477 468 542 ridiculam
491 479 664 556 ignorantiae
680 477 956 557 specimeuedidit3
991 494 1059 538 nam
1081 493 1175 555 quum
1197 479 1355 556 antiquior
1439 485 1440 494 ’

310 597 520 676 grammaticus
530 593 663 680 τορύνην
677 597 835 675 posuisset,
858 595 1006 676 posterior
1016 596 1145 658 addidit:
1158 594 1275 678 τορύνη
1286 593 1355 660 dai
1439 613 1440 682 i

307 713 493 799 χοτρόποος,
526 715 604 792 qnod
634 731 758 793 prorsus
780 712 889 777 falsum
911 717 972 792 est,
1007 732 1074 776 nam
1096 711 1208 797 τορύνη
1229 720 1279 776 est
1303 733 1352 775 ru·
1439 699 1440 748 ³

310 833 419 896 dicuin.

693 1032 725 1097 5.
767 1034 967 1102 Λύσανον.

397 1183 463 1253 'liv
483 1187 684 1270 καλούμενον
699 1184 881 1270 χοτροπόύα
897 1185 963 1252 ἔστι
981 1192 1042 1272 μὲν
1063 1189 1119 1252 καὶ
1139 1187 1272 1254 λάσανα
1295 1211 1348 1252 κε-

309 1305 467 1388 κλημένον
487 1299 600 1388 ούρετν,
622 1307 713 1368 tradit
735 1305 839 1367 Pollux
861 1306 901 1385 X,
922 1303 983 1387 993
1007 1312 1097 1390 recte,
1120 1311 1246 1387 excepto
1270 1307 1350 1385 quod

309 1422 455 1489 λύοανον
476 1425 577 1486 dicere
598 1424 735 1486 debebat.
786 1425 960 1504 Sequuntur
988 1444 1058 1486 eurn
1080 1424 1192 1487 Moeris
1219 1444 1251 1503 p.
1275 1421 1349 1504 250,

310 1541 492 1620 Hesychius,
524 1541 642 1606 Suidas.
696 1542 754 1604 Sed
777 1545 909 1604 nesciis
931 1544 1131 1623 grammaticis
1153 1542 1349 1620 mundanus,

310 1657 523 1720 confirmantur
535 1662 704 1722 testimonia
716 1679 819 1723 eorum
841 1661 878 1723 ab
900 1663 973 1742 ipsis
994 1663 1125 1740 antiquis
1141 1661 1350 1740 scriptoribus.

311 1776 447 1838 sitierunt
467 1777 580 1840 Dioclis
602 1793 736 1841 versum:
766 1773 834 1844 α’πο·
856 1777 1008 1845 decaicus
1029 1775 1156 1862 θερμὴν
1177 1774 1349 1863 α’φαιρήσω

307 1891 435 1977 χύτραν,
456 1902 488 1958 et
510 1896 635 1975 legimns
657 1898 687 1959 iu
709 1899 761 1960 Ar.
784 1897 854 1960 Pac.
875 1891 955 1958 891:

399 2017 491 2078 Touci
513 2010 543 2077 δ’
562 2013 625 2096 ὅρα
650 2009 840 2084 mimeram
860 2011 935 2100 ἡμῖν
956 2010 998 2091 ὥς
1019 2015 1129 2080 καλόν.

395 2128 461 2194 Arci
482 2132 581 2196 ταῦτα
602 2135 657 2194 καὶ
677 2129 843 2198 κεκάπνικ’
863 2131 928 2217 ἄρ’·
950 2131 1105 2199 ἐντεῦθεν
1125 2128 1190 2217 γὰρ
1211 2129 1231 2218 ἦ

395 2245 458 2332 πρὸ
480 2252 535 2316 τού
554 2250 696 2334 πολέμου
717 2246 757 2314 τοὶ
778 2249 909 2328 λάσανα
931 2253 968 2343 τῇ
988 2251 1087 2344 βουλῇ
1106 2256 1194 2316 ποτέ.

311 2367 391 2428 Dicit
411 2373 511 2448 poeta,
534 2371 681 2431 cuminum
693 2368 817 2448 iuligine
838 2372 956 2450 nigrum
978 2388 1056 2451 esse,
1079 2371 1149 2450 quia
1171 2369 1211 2430 ibi
1234 2369 1348 2432 inerint
1438 2365 1439 2374 ’

310 2485 428 2568 lassna3
451 2489 549 2566 quivis
564 2489 655 2568 videt,
678 2507 713 2550 ea
735 2487 906 2566 significari,
929 2489 1038 2568 quibus
1059 2489 1125 2550 oiiae
1147 2474 1349 2567 imponantur.

310 2601 414 2684 Neque
435 2607 494 2667 aiio
515 2625 605 2668 sensu
627 2606 771 2669 Horatius
793 2606 855 2670 Sat.
871 2602 937 2688 1‚6,
951 2603 1014 2668 109
1035 2607 1120 2687 dixit,
1142 2607 1276 2668 Tullium
1299 2625 1348 2668 rus

308 2721 546 2799 proficiscentem
568 2727 700 2804 quinque
721 2742 824 2786 servos
846 2743 948 2786 secum
970 2724 1080 2786 habere
1101 2725 1261 2786 “lasanum
1279 2743 1348 2804 por·

311 2845 407 2900 tantos
439 2843 729 2922 oenophorumqna’t
783 2842 880 2904 Homo
912 2844 1052 2905 sordidus
1084 2861 1185 2904 secum
1217 2843 1348 2904 habebat

310 2959 409 3020 omniu
423 2976 490 3036 qma
501 2960 538 3022 sd
549 2978 671 3022 coenam
682 2960 843 3040 parandam
865 2964 1061 3041 pertinerent,
1083 2980 1121 3022 nc
1143 2963 1173 3022 in
1195 2978 1347 3042 cauponas

310 3075 422 3138 deverti
451 3083 619 3156 cogeretur.¹
671 3077 751 3144 Male
784 3080 944 3142 scholiasta
973 3098 1038 3140 cam
1060 3080 1130 3141 huic
1153 3081 1268 3141 nomini
1290 3081 1347 3142 vim

309 3193 429 3271 tribuit,
451 3213 518 3274 qun
539 3201 643 3276 posteo
663 3197 782 3276 vulgata
803 3204 868 3258 erat
889 3199 934 3276 (v.
956 3196 1031 3261 Poli.
1054 3198 1094 3279 X,
1116 3193 1169 3278 44,
1191 3197 1268 3277 nt),
1303 3200 1347 3259 in·

310 3311 483 3392 teiiexitqne
495 3312 569 3377 “vas
585 3317 614 3382 iu
628 3333 687 3395 qno
699 3316 1021 3378 exoneraturrenter”.
1066 3315 1128 3378 isto
1149 3334 1222 3378 sane
1244 3334 1346 3380 carere

308 3433 424 3507 poterat
445 3433 583 3495 sordidus
604 3438 723 3512 praetor.
