2906 4716
509 289 725 392 ..υ-

86 497 257 574 capieules‚
280 497 375 558 altera
391 513 493 570 aurea,
514 501 654 574 argentea
670 496 773 576 altera,
796 497 913 559 vinculo
935 515 1026 560 aureo
1048 499 1131 560 colli·

85 619 187 695 ὅπως
209 616 298 693 quale
321 633 374 694 par
391 633 459 674 mox
473 611 651 697 διλήκυθον
661 615 778 679 dicitur.
820 613 981 700 Μυρηριέυ
990 615 1133 701 λήκυθον

86 737 307 794 commemorat
329 732 434 793 Pollux
457 731 498 812 X,
522 727 584 792 119
594 750 657 812 sq.;
681 730 822 815 v1‚106;
846 733 912 811 Vll,
926 730 996 797 177.
1040 736 1133 796 Erant

86 852 138 912 hae
165 851 252 928 vulgo
273 870 310 912 ex
332 851 496 930 alabastro,
527 855 560 912 ut
581 849 683 915 Suid.:
716 851 860 938 λήουθου
881 849 937 938 τὴν
958 855 1014 917 τοῦ
1033 853 1133 936 μύρου

86 966 120 1034 οἱ
139 965 280 1034 ’Arrrxot
304 969 456 1035 καλοῦσιν
483 965 705 1052 α’λοὶβαστρου,·
737 971 775 1032 dc
807 989 867 1048 quo
900 989 1026 1052 genere,
1061 975 1131 1051 quia

87 1107 181 1150 suam
203 1089 292 1149 etiam
314 1087 440 1166 figuram
462 1087 568 1161 habet,
591 1090 750 1167 separatim
773 1088 946 1151 videbimus.

180 1206 220 1268 Ut
241 1207 332 1284 igitur
353 1224 442 1285 supra
464 1207 609 1284 vidimus,
638 1205 783 1291 λήκυθον
812 1209 867 1268 viri
900 1209 1050 1287 propriam
1082 1208 1131 1270 lu·

87 1325 167 1404 isse,
190 1329 223 1385 ut
239 1343 297 1403 qua
314 1342 423 1404 corpus
445 1329 618 1404 ungeretur,
642 1326 684 1386 ita
700 1325 749 1386 hic
771 1327 905 1390 videmus
928 1328 1016 1388 ctiam
1040 1328 1131 1388 nimio

88 1445 224 1504 seruisse
258 1444 392 1521 corporis
427 1443 536 1523 cultui,
577 1443 628 1520 qui
662 1441 779 1505 leminis
812 1446 905 1524 magis
938 1463 1026 1524 quam
1058 1446 1131 1506 viris

90 1564 276 1624 conveniret.
321 1559 423 1638 Quare
446 1561 676 1643 Aristophanes,
710 1581 802 1641 quum
829 1565 857 1622 in
881 1561 955 1624 Aah.
975 1557 1041 1624 589
1061 1563 1131 1624 ueto

91 1681 159 1740 aris
194 1680 312 1740 nomine
343 1677 525 1740 Lamachum
556 1679 684 1758 appellat
711 1679 980 1762 κομπολοὶκυθον,
1014 1681 1131 1742 ridetur

93 1800 231 1858 iuvenem
259 1797 428 1875 significare
451 1815 510 1858 non
534 1805 593 1858 tarn
614 1797 693 1858 bello
715 1797 844 1859 leronem
867 1815 955 1875 quam
978 1800 1057 1858 inani
1080 1817 1130 1858 ar·

90 1934 210 1977 morum
230 1916 387 1995 splendore
409 1915 593 1994 gloriantem.
637 1915 719 1976 ldem
741 1921 841 1976 autem
863 1915 913 1976 uhi
929 1916 967 1977 de
983 1917 1080 1994 poetis
1100 1921 1131 1977 et

90 2035 261 2096 oratoribus
283 2035 408 2113 dicitur,
440 2033 587 2111 significat
614 2035 803 2095 ambitiosum
825 2037 964 2096 ornatum
986 2036 1130 2096 orationis

92 2156 124 2212 et
155 2153 274 2212 inanem
302 2151 459 2213 verborum
481 2153 603 2216 cultum.
657 2152 778 2214 Dixerat
800 2154 858 2213 iarn
880 2153 1042 2232 Sophocles
1065 2163 1129 2232 (ap.

92 2269 231 2344 suidam)
254 2281 470 2352 περιενεγκεῖν
482 2265 656 2354 εὖοτροφῶς
667 2274 721 2332 καὶ
737 2270 956 2352 aestuantius
968 2266 1023 2334 cdv
1034 2270 1129 2353 ληκυ-

93 2384 217 2469 θισμόν
239 2388 300 2454 τῶν
321 2388 459 2471 αλσχρῶν
473 2411 506 2452 τε
518 2391 572 2451 καὶ
582 2384 885 2469 γελολωυᾷσμάτων.
930 2386 1129 2468 Callimachus

93 2507 276 2584 tragoediam
299 2507 413 2567 dixerat
434 2505 592 2589 ληκύθιον
612 2506 737 2588 μοῦσαν
759 2504 918 2576 (ν.εολιοΙΙ.
941 2504 977 2563 ad
1001 2503 1129 2582 llephae·

93 2627 232 2702 silonem,
254 2643 285 2703 p.
297 2618 340 2684 34
361 2625 408 2687 ed.
422 2622 525 2695 Galat,
548 2628 579 2684 et
599 2625 636 2685 ad
659 2623 743 2684 Pind.
759 2622 807 2683 Ol.
819 2621 842 2701 l,
866 2641 895 2700 p.
912 2617 1129 2701 intrarentin

92 2741 130 2804 cl.
153 2737 429 2824 ἆπιλακυθισορλο
452 2744 481 2801 ἰο
503 2743 591 2802 huth.
606 2741 698 2805 Palat.
723 2740 806 2820 xlll,
829 2735 881 2818 21,
903 2735 934 2802 5.
983 2739 1130 2815 Queritur

93 2859 200 2921 Strabo
223 2859 322 2936 (lllll,
345 2879 374 2938 p.
396 2855 493 2935 609),
527 2861 671 2939 quosdam
698 2857 799 2943 μηδὲν
827 2856 911 2940 ἔχειν
939 2859 1130 2944 φιλοσοφεῖν

93 2977 337 3061 πραγματικῶς,
370 2973 457 3040 ἀλλὰ
479 2981 589 3053 θέσεις
610 2977 803 3060 tinomao.
845 2979 943 3039 Etiam
966 2978 1070 3038 Cicero
1092 2978 1129 3037 ad

93 3097 226 3156 Atticum
240 3096 294 3174 Ep.
313 3095 336 3175 l,
355 3091 405 3173 14,
420 3091 459 3158 3:
483 3099 602 3174 „totum
624 3096 704 3162 hunc
726 3096 834 3177 locum,
859 3113 948 3173 quern
970 3113 1025 3171 ego
1049 3096 1129 3154 varic

94 3215 168 3274 meis
180 3213 365 3275 orationihus
383 3214 465 3274 solco
484 3215 615 3291 pingere,
638 3213 815 3291 dedamus,
838 3213 875 3272 de
891 3211 970 3271 terro
988 3245 1029 3256 -
1052 3212 1128 3270 nosti

92 3331 159 3392 illas
181 3329 339 3414 ληκύθους
366 3365 408 3376 -
429 3331 514 3392 valde
537 3334 665 3409 graviter
692 3329 867 3408 pertexuit't
910 3327 994 3390 Unde
1017 3327 1130 3388 Plinius

94 3451 123 3510 in
145 3449 202 3526 Ep.
223 3445 285 3529 λλ
307 3467 397 3527 quum
420 3467 453 3510 se
475 3449 599 3510 dixisset
621 3451 768 3510 imitatum
790 3465 857 3508 esse
879 3449 990 3507 siccum
1013 3445 1129 3509 dicendi

93 3585 186 3644 genus
204 3567 466 3645 Demosthenislet
486 3565 578 3647 Calvi,
601 3585 682 3648 „non
706 3568 830 3640 tament,
855 3565 961 3642 pergil,
985 3564 1129 3642 „omnino

93 3685 185 3746 Marci
220 3687 314 3746 nostri
336 3683 495 3768 ληκύθους
516 3686 656 3764 rugimus,
688 3685 826 3763 quotiens
848 3680 1000 3762 paululum
1023 3681 1130 3740 itinere

92 3803 236 3864 decedere
270 3821 327 3863 uon
362 3805 577 3883 intempestivis
610 3801 838 3864 amoenitatibus
871 3798 1129 3859 admonebamur.”

93 3921 204 3982 Verum
221 3923 301 4000 quod
320 3923 410 3982 ceteri
423 3920 526 3982 Graecu
546 3922 664 3981 nomine
686 3919 835 3998 dixerunt,
858 3917 964 3977 Latine
982 3916 1130 3992 expressit

93 4037 246 4118 Horatius,
280 4041 441 4118 tragoedia
469 4055 703 4100 commemorans
733 4034 901 4114 „ampullas
923 4037 954 4093 et
975 4033 1131 4110 sesquipe-

93 4157 166 4218 dalia
189 4157 296 4218 nerha”
319 4157 371 4228 (h.
394 4156 428 4216 P.
451 4152 522 4235 97),
547 4161 578 4216 et
599 4154 711 4214 Titium
734 4153 941 4212 desaevientem
964 4155 994 4210 et
1015 4147 1131 4224 ampul-

897 4265 927 4314 5*
