2906 4716
793 279 836 342 ‘70

298 484 377 567 ἔχων
397 483 495 550 ὄλπιν
516 488 610 560 θεοῖς
629 484 827 568 ολνοχόησεν,
860 489 891 545 et
912 484 965 545 iou
991 475 1084 547 Chius
1105 481 1202 564 (495,
1225 484 1279 557 iu:
1302 483 1337 547 ἐκ

299 604 429 680 ζαθέων
449 603 624 666 πιθακνῶν
645 598 840 685 ἀφύσσοντες
863 601 990 678 ὄλπαις.
1046 601 1215 664 Clitarchus
1236 605 1335 663 antem

300 723 445 802 tradebat,
479 723 555 782 hanc
587 723 716 782 nominis
737 721 983 799 significationem
1005 723 1082 799 apud
1102 720 1262 781 Thessalos
1284 738 1336 780 va·

300 842 382 916 lere,
417 840 495 901 iiiarn
528 859 600 901 reru
631 841 750 902 oleariae
781 840 919 919 ampuriae
946 840 1025 918 apud
1053 837 1242 917 Corinthios,
1274 837 1335 918 By·

299 960 422 1039 zantios,
453 957 589 1038 Cyprios.
633 957 723 1037 Quod
751 975 823 1020 reru
851 957 1019 1036 Hesychius
1048 958 1191 1018 discernit
1222 953 1336 1038 ὄλπην,

300 1077 445 1160 λήκυθον
462 1079 496 1138 ‘et
517 1074 624 1151 ὄλπιν,
648 1075 804 1159 οἰνοχόην,
831 1094 960 1154 eumque
980 1080 1103 1136 secutus
1125 1080 1172 1136 est
1193 1074 1335 1136 Letroun.

300 1195 377 1274 Epir.
391 1195 443 1259 Er.
459 1190 550 1274 1833,
574 1215 603 1274 p.
613 1190 687 1275 620,
709 1195 767 1254 hoc
792 1193 898 1254 falsum
921 1211 988 1254 esse
1010 1193 1118 1254 docent
1139 1193 1272 1272 exempta
1294 1193 1337 1254 ai·

302 1313 378 1386 iata,
412 1316 441 1374 iu
465 1314 574 1392 quibus
595 1318 722 1390 utraque
744 1310 836 1372 iornra
858 1314 1027 1390 promiscue
1050 1314 1209 1374 invenitur.
1260 1309 1337 1371 iliud

280 1433 434 1512 renutat,
465 1432 523 1492 hou
544 1431 720 1492 vocabulum
749 1435 779 1490 et
806 1436 921 1491 mature
943 1427 1110 1492 obsoletum
1139 1428 1248 1509 inisse,
1283 1448 1338 1490 nee

302 1567 433 1628 nuquam
447 1549 537 1626 vulgo
551 1553 726 1626 usurpatum
744 1549 802 1608 nisi
824 1550 901 1627 apud
914 1550 1036 1610 Doricae
1058 1549 1200 1628 quasdam
1223 1553 1337 1626 gentes.

303 1665 405 1744 Quare
428 1666 674 1747 malefecerunt,
699 1667 778 1745 quod
801 1669 889 1728 etiarn
911 1667 968 1728 hoe
991 1670 1109 1728 nomine
1130 1666 1232 1761 inutilia
1255 1685 1339 1744 quu-

303 1785 369 1846 dam
391 1785 578 1864 appetierunt
600 1785 741 1862 Panotka‚
764 1785 857 1848 Rech.
882 1785 917 1865 V,
942 1780 1020 1861 102,
1046 1783 1241 1848 eruerunt.
1264 1784 1340 1862 Rap.

304 1919 332 1963 n.
356 1897 413 1983 163
435 1903 496 1966 Uli.
518 1903 554 1967 R.
578 1922 608 1980 ο.
629 1899 680 1964 35.

579 2125 582 2130 ¹
644 2153 676 2218 3.
716 2153 990 2240 Ἀλάβαστρος
1027 2123 1029 2127 ¹

304 2314 350 2370 est
371 2287 512 2393 λήκυθος
533 2327 569 2369 ex
591 2307 762 2370 alabastrite
783 2309 881 2389 lapide
903 2309 998 2391 iacta,
1032 2312 1061 2370 in
1091 2309 1199 2388 quibus
1230 2309 1343 2388 optime
1389 2349 1392 2356 ,

304 2429 417 2488 servari
441 2432 591 2505 unguenta
614 2429 687 2488 dicit
707 2427 783 2491 Piiu.
806 2427 843 2489 Η.
865 2426 902 2491 N.
926 2426 1009 2507 xiii,
1032 2427 1063 2491 S.
1076 2423 1108 2506 3,
1131 2421 1219 2502 519.
1270 2425 1343 2486 Sine

304 2546 394 2607 dubio
417 2547 523 2625 lapidis
545 2564 652 2606 numen
675 2546 806 2608 barbarae
828 2547 951 2624 originis
974 2549 1034 2626 est;
1061 2565 1127 2606 narn
1150 2545 1229 2625 qnod
1252 2549 1343 2624 puta·

304 2655 375 2724 runt
396 2666 526 2742 antiqui,
559 2666 724 2726 derivatum
753 2683 819 2725 esse
846 2683 883 2724 ex
905 2688 928 2727 α
952 2667 1098 2744 privativo
1120 2669 1151 2725 et
1172 2663 1344 2746 λαβέσθαι

305 2781 439 2866 (λαβή),
472 2786 505 2842 ut
527 2783 745 2860 significaretur
767 2800 817 2844 vas
840 2785 920 2843 ansis
943 2801 1062 2864 carens,
1096 2783 1125 2843 id
1149 2782 1230 2842 uuiio
1252 2785 1343 2860 pactu

306 2903 403 2978 potest
424 2899 505 2979 fieri3
539 2919 718 2980 quamquam
746 2903 835 2962 etiam
857 2901 979 2962 Abetreu
1003 2899 1083 2975 (itai.
1106 2900 1185 2962 Med.
1208 2918 1237 2978 p.
1258 2894 1343 2973 269)

306 3021 335 3078 in
358 3037 393 3078 ea
415 3023 461 3079 est
482 3020 640 3082 sententia.
653 3018 687 3096 *)
705 3053 746 3064 -
769 3019 887 3082 Primus
899 3019 1072 3080 Herodotus
1095 3018 1163 3099 (111,
1175 3014 1234 3091 20)
1257 3035 1340 3078 cum·

269 3130 270 3134 ’
305 3141 449 3197 memorat
472 3132 678 3220 ἀλάβαστρον
698 3137 806 3223 μύρον.
850 3138 922 3199 inde
945 3156 1016 3202 usus
1038 3137 1177 3217 frequens
1194 3137 1271 3215 apud
1284 3136 1345 3196 ut-

305 3256 391 3332 ticus‚
404 3260 438 3316 ut
451 3253 575 3318 Suidas:
599 3255 742 3340 λήκυθον
753 3225 809 3340 τὴν
823 3257 878 3321 rui
889 3255 988 3339 μύρου
999 3252 1031 3320 οἳ
1044 3251 1178 3320 Ἀπικοὶ
1188 3254 1346 3319 καλοῦσιν

175 3377 186 3392 ‘
304 3367 520 3456 ἀλάβαστρον.
565 3375 599 3437 V.
622 3375 715 3436 Arist.
743 3374 818 3436 Aah.
851 3369 951 3456 10533
986 3372 1156 3436 Callimach.
1187 3373 1258 3436 Pati.
1289 3369 1345 3450 15,

305 3489 371 3554 Cer.
398 3487 454 3573 133
478 3491 627 3554 Plutarch.
649 3491 753 3567 Timui.
767 3487 825 3572 153
848 3491 998 3556 Theourit.
1023 3488 1073 3574 15,
1087 3487 1165 3555 114:
1188 3493 1293 3575 Συρία
1305 3491 1347 3556 δὲ

303 3608 392 3692 μόρω
416 3605 530 3693 χροσεά
558 3605 759 3694 ἀλάβαστρα.
813 3610 911 3672 Etiam
939 3612 1017 3690 apud
1047 3610 1188 3690 Latinos,
1221 3617 1256 3672 nt
1278 3607 1346 3673 Cic.

302 3793 605 3806 Ἠ

328 3908 352 3974 ²³)
372 3908 440 3961 saus
463 3912 570 3964 ridicula
588 3914 636 3965 noc
655 3884 779 3976 expressit
795 3915 880 3968 senor.
899 3916 930 3966 aa
948 3915 993 3968 ur.
1012 3915 1077 3966 uu.
1098 3914 1178 3965 ruuu:
1197 3913 1348 3979 rement

373 3988 429 4046 ὦτα
445 3991 484 4065 μὴ
500 3997 609 4066 ἔχοισα,
627 3989 658 4062 ἧς
675 3997 723 4052 οὐκ
740 4000 794 4051 ἔστι
811 3999 950 4066 λαβέσθαι.
983 4000 1080 4050 Tamen
1099 3993 1245 4051 Gerirardus
1262 4000 1348 4050 etiarn

292 4133 298 4152 ,Ι
374 4079 481 4158 (annai.
500 4083 548 4148 iii,
567 4096 592 4144 p.
602 4081 668 4148 240)
689 4087 758 4146 putat
776 4096 834 4133 essu
853 4097 905 4146 vas,
924 4085 991 4146 quud
1011 4085 1131 4134 manibus
1149 4083 1269 4146 prehendi
1291 4098 1348 4133 non

374 4165 463 4228 possit,
481 4163 551 4214 “nun
571 4167 778 4229 manumittunt
