<?xml version="1.0" encoding="UTF-8"?>
<!DOCTYPE html PUBLIC "-//W3C//DTD XHTML 1.0 Transitional//EN"
    "http://www.w3.org/TR/xhtml1/DTD/xhtml1-transitional.dtd">
<html xmlns="http://www.w3.org/1999/xhtml" xml:lang="en" lang="en">
 <head>
  <title>
</title>
<meta http-equiv="Content-Type" content="text/html;charset=utf-8" />
  <meta name='ocr-system' content='tesseract 3.04.00' />
  <meta name='ocr-capabilities' content='ocr_page ocr_carea ocr_par ocr_line ocrx_word'/>
</head>
<body>
  <div class='ocr_page' id='page_1' title='image "./denominibusvaso00ussigoog_0076.png"; bbox 0 0 2906 4716; ppageno 0'>
   <div class='ocr_carea' id='block_1_1' title="bbox 596 305 640 368">
    <p class='ocr_par' dir='ltr' id='par_1_1' title="bbox 596 305 640 368">
     <span class='ocr_line' id='line_1_1' title="bbox 596 305 640 368; baseline 0 0"><span class='ocrx_word' id='word_1_1' title='bbox 596 305 640 368; x_wconf 88' lang='grc'>69</span> 
     </span>
    </p>
   </div>
   <div class='ocr_carea' id='block_1_2' title="bbox 86 507 1137 2006">
    <p class='ocr_par' dir='ltr' id='par_1_2' title="bbox 86 507 1137 2006">
     <span class='ocr_line' id='line_1_2' title="bbox 86 507 1133 592; baseline 0.002 -20"><span class='ocrx_word' id='word_1_2' title='bbox 86 529 128 572; x_wconf 80' lang='lat' dir='ltr'>ex</span> <span class='ocrx_word' id='word_1_3' title='bbox 142 510 284 590; x_wconf 83' lang='lat' dir='ltr'>ampulla,</span> <span class='ocrx_word' id='word_1_4' title='bbox 310 512 452 588; x_wconf 83' lang='lat' dir='ltr'>quattuor</span> <span class='ocrx_word' id='word_1_5' title='bbox 473 507 649 588; x_wconf 72' lang='lat' dir='ltr'>strigilibus,</span> <span class='ocrx_word' id='word_1_6' title='bbox 671 511 793 590; x_wconf 83' lang='lat' dir='ltr'>scaphio</span> <span class='ocrx_word' id='word_1_7' title='bbox 810 515 961 588; x_wconf 73' lang='lat' dir='ltr'>constans,</span> <span class='ocrx_word' id='word_1_8' title='bbox 985 510 1133 592; x_wconf 82' lang='lat' dir='ltr'>Pompeiis</span> 
     </span>
     <span class='ocr_line' id='line_1_3' title="bbox 89 623 1136 711; baseline 0.005 -22"><span class='ocrx_word' id='word_1_9' title='bbox 89 631 248 690; x_wconf 85' lang='lat' dir='ltr'>inventum</span> <span class='ocrx_word' id='word_1_10' title='bbox 260 633 304 700; x_wconf 86' lang='lat' dir='ltr'>(v.</span> <span class='ocrx_word' id='word_1_11' title='bbox 319 626 439 688; x_wconf 79' lang='lat' dir='ltr'>Becker.</span> <span class='ocrx_word' id='word_1_12' title='bbox 452 625 526 688; x_wconf 83' lang='lat' dir='ltr'>Gall.</span> <span class='ocrx_word' id='word_1_13' title='bbox 539 627 599 689; x_wconf 86' lang='lat' dir='ltr'>iah.</span> <span class='ocrx_word' id='word_1_14' title='bbox 609 623 638 706; x_wconf 94' lang='lat' dir='ltr'>l,</span> <span class='ocrx_word' id='word_1_15' title='bbox 651 647 679 691; x_wconf 93' lang='lat' dir='ltr'>n.</span> <span class='ocrx_word' id='word_1_16' title='bbox 690 623 729 710; x_wconf 83' lang='lat'>43</span> <span class='ocrx_word' id='word_1_17' title='bbox 743 627 830 692; x_wconf 84' lang='lat' dir='ltr'>Herc.</span> <span class='ocrx_word' id='word_1_18' title='bbox 843 633 874 690; x_wconf 87' lang='lat' dir='ltr'>et</span> <span class='ocrx_word' id='word_1_19' title='bbox 885 627 989 710; x_wconf 84' lang='lat' dir='ltr'><strong>Pomp.</strong></span> <span class='ocrx_word' id='word_1_20' title='bbox 1004 629 1053 711; x_wconf 85' lang='lat' dir='ltr'>vi,</span> <span class='ocrx_word' id='word_1_21' title='bbox 1067 626 1136 704; x_wconf 71' lang='lat'><strong>87).</strong></span> 
     </span>
     <span class='ocr_line' id='line_1_4' title="bbox 90 744 1134 834; baseline 0.006 -26"><span class='ocrx_word' id='word_1_22' title='bbox 90 747 204 810; x_wconf 84' lang='lat' dir='ltr'>Postea</span> <span class='ocrx_word' id='word_1_23' title='bbox 236 745 326 824; x_wconf 81' lang='lat' dir='ltr'>vulgo</span> <span class='ocrx_word' id='word_1_24' title='bbox 360 763 396 806; x_wconf 84' lang='lat' dir='ltr'>ex</span> <span class='ocrx_word' id='word_1_25' title='bbox 431 747 508 806; x_wconf 83' lang='lat' dir='ltr'>vitro</span> <span class='ocrx_word' id='word_1_26' title='bbox 538 744 664 822; x_wconf 79' lang='lat' dir='ltr'>hebeni,</span> <span class='ocrx_word' id='word_1_27' title='bbox 698 751 732 808; x_wconf 89' lang='lat' dir='ltr'>ut</span> <span class='ocrx_word' id='word_1_28' title='bbox 765 745 952 826; x_wconf 78' lang='lat' dir='ltr'>Hesychius:</span> <span class='ocrx_word' id='word_1_29' title='bbox 985 746 1134 834; x_wconf 73' lang='grc' dir='ltr'><strong><em>λήκυθος·</em></strong></span> 
     </span>
     <span class='ocr_line' id='line_1_5' title="bbox 93 858 1135 948; baseline 0.002 -20"><span class='ocrx_word' id='word_1_30' title='bbox 93 867 211 948; x_wconf 68' lang='lat' dir='ltr'>liupoton</span> <span class='ocrx_word' id='word_1_31' title='bbox 230 858 383 940; x_wconf 78' lang='grc' dir='ltr'><strong><em>ὖάλιυον,</em></strong></span> <span class='ocrx_word' id='word_1_32' title='bbox 416 868 447 925; x_wconf 88' lang='lat' dir='ltr'>ci</span> <span class='ocrx_word' id='word_1_33' title='bbox 473 880 517 942; x_wconf 87' lang='lat' dir='ltr'>ap.</span> <span class='ocrx_word' id='word_1_34' title='bbox 542 863 642 926; x_wconf 90' lang='lat' dir='ltr'>Schoi.</span> <span class='ocrx_word' id='word_1_35' title='bbox 665 864 701 925; x_wconf 82' lang='lat' dir='ltr'>nd</span> <span class='ocrx_word' id='word_1_36' title='bbox 724 865 775 926; x_wconf 78' lang='lat' dir='ltr'>Ar.</span> <span class='ocrx_word' id='word_1_37' title='bbox 799 864 875 930; x_wconf 85' lang='lat' dir='ltr'>Plut.</span> <span class='ocrx_word' id='word_1_38' title='bbox 897 860 962 925; x_wconf 76' lang='lat'>427</span> <span class='ocrx_word' id='word_1_39' title='bbox 991 866 1135 945; x_wconf 80' lang='lat' dir='ltr'>legimus:</span> 
     </span>
     <span class='ocr_line' id='line_1_6' title="bbox 97 979 1135 1068; baseline 0.004 -21"><span class='ocrx_word' id='word_1_40' title='bbox 97 980 320 1058; x_wconf 79' lang='grc' dir='ltr'><strong><em>λεκυθάπωλις</em></strong></span> <span class='ocrx_word' id='word_1_41' title='bbox 352 983 429 1056; x_wconf 86' lang='lat' dir='ltr'>(lmo</span> <span class='ocrx_word' id='word_1_42' title='bbox 460 979 702 1064; x_wconf 75' lang='grc' dir='ltr'><strong><em>ληκυθάποιλις)</em></strong></span> <span class='ocrx_word' id='word_1_43' title='bbox 743 981 870 1063; x_wconf 83' lang='grc' dir='ltr'><strong><em>λέγεται</em></strong></span> <span class='ocrx_word' id='word_1_44' title='bbox 906 979 926 1068; x_wconf 82' lang='grc' dir='ltr'><em>ἢ</em></span> <span class='ocrx_word' id='word_1_45' title='bbox 954 989 994 1048; x_wconf 77' lang='grc' dir='ltr'>τά</span> <span class='ocrx_word' id='word_1_46' title='bbox 1022 979 1135 1050; x_wconf 71' lang='lat' dir='ltr'>icona</span> 
     </span>
     <span class='ocr_line' id='line_1_7' title="bbox 96 1095 1135 1183; baseline 0 -19"><span class='ocrx_word' id='word_1_47' title='bbox 96 1095 218 1182; x_wconf 76' lang='grc' dir='ltr'><strong><em>άγγετοι</em></strong></span> <span class='ocrx_word' id='word_1_48' title='bbox 238 1102 349 1182; x_wconf 79' lang='grc' dir='ltr'><strong><em>κυρίως</em></strong></span> <span class='ocrx_word' id='word_1_49' title='bbox 369 1097 528 1165; x_wconf 79' lang='grc' dir='ltr'><strong><em>πωλοῦσιν.</em></strong></span> <span class='ocrx_word' id='word_1_50' title='bbox 562 1098 606 1164; x_wconf 85' lang='lat' dir='ltr'>Cl.</span> <span class='ocrx_word' id='word_1_51' title='bbox 629 1103 720 1164; x_wconf 84' lang='lat' dir='ltr'>etism</span> <span class='ocrx_word' id='word_1_52' title='bbox 742 1100 818 1164; x_wconf 86' lang='lat' dir='ltr'>Plin.</span> <span class='ocrx_word' id='word_1_53' title='bbox 832 1101 870 1165; x_wconf 86' lang='grc' dir='ltr'>Η.</span> <span class='ocrx_word' id='word_1_54' title='bbox 885 1100 924 1164; x_wconf 88' lang='grc' dir='ltr'>Ν.</span> <span class='ocrx_word' id='word_1_55' title='bbox 948 1102 1021 1183; x_wconf 83' lang='lat' dir='ltr'>XX,</span> <span class='ocrx_word' id='word_1_56' title='bbox 1039 1101 1070 1164; x_wconf 89' lang='lat' dir='ltr'>S.</span> <span class='ocrx_word' id='word_1_57' title='bbox 1080 1099 1135 1178; x_wconf 86' lang='grc'>54,</span> 
     </span>
     <span class='ocr_line' id='line_1_8' title="bbox 97 1213 1136 1300; baseline 0.004 -22"><span class='ocrx_word' id='word_1_58' title='bbox 97 1222 121 1295; x_wconf 83' lang='lat'>§</span> <span class='ocrx_word' id='word_1_59' title='bbox 146 1213 218 1283; x_wconf 77' lang='lat'>152.</span> <span class='ocrx_word' id='word_1_60' title='bbox 272 1218 368 1297; x_wconf 82' lang='lat' dir='ltr'>Vulgo</span> <span class='ocrx_word' id='word_1_61' title='bbox 389 1223 478 1280; x_wconf 88' lang='lat' dir='ltr'>etiam</span> <span class='ocrx_word' id='word_1_62' title='bbox 500 1236 537 1278; x_wconf 84' lang='lat' dir='ltr'>ex</span> <span class='ocrx_word' id='word_1_63' title='bbox 560 1221 641 1281; x_wconf 83' lang='lat' dir='ltr'>corio</span> <span class='ocrx_word' id='word_1_64' title='bbox 662 1219 792 1300; x_wconf 80' lang='lat' dir='ltr'>fiehnnt3</span> <span class='ocrx_word' id='word_1_65' title='bbox 826 1217 988 1282; x_wconf 84' lang='lat' dir='ltr'>Columella</span> <span class='ocrx_word' id='word_1_66' title='bbox 1010 1219 1091 1298; x_wconf 92' lang='lat' dir='ltr'>Vlil,</span> <span class='ocrx_word' id='word_1_67' title='bbox 1113 1216 1136 1282; x_wconf 72' lang='lat'>2</span> 
     </span>
     <span class='ocr_line' id='line_1_9' title="bbox 96 1333 1137 1417; baseline 0.002 -19"><span class='ocrx_word' id='word_1_68' title='bbox 96 1343 173 1401; x_wconf 82' lang='lat' dir='ltr'>extr.</span> <span class='ocrx_word' id='word_1_69' title='bbox 195 1337 267 1398; x_wconf 87' lang='lat' dir='ltr'>dicii</span> <span class='ocrx_word' id='word_1_70' title='bbox 296 1338 433 1415; x_wconf 80' lang='lat' dir='ltr'>„conium</span> <span class='ocrx_word' id='word_1_71' title='bbox 455 1337 703 1417; x_wconf 81' lang='lat' dir='ltr'>empullsceum”;</span> <span class='ocrx_word' id='word_1_72' title='bbox 736 1335 915 1400; x_wconf 73' lang='lat' dir='ltr'>Plutarchus</span> <span class='ocrx_word' id='word_1_73' title='bbox 937 1339 966 1400; x_wconf 90' lang='lat' dir='ltr'>ln</span> <span class='ocrx_word' id='word_1_74' title='bbox 990 1337 1072 1402; x_wconf 84' lang='lat' dir='ltr'>Sulis</span> <span class='ocrx_word' id='word_1_75' title='bbox 1095 1333 1137 1400; x_wconf 81' lang='lat'>1³</span> 
     </span>
     <span class='ocr_line' id='line_1_10' title="bbox 99 1449 1137 1542; baseline 0.004 -24"><span class='ocrx_word' id='word_1_76' title='bbox 99 1455 202 1536; x_wconf 79' lang='lat' dir='ltr'>trudit,</span> <span class='ocrx_word' id='word_1_77' title='bbox 223 1455 420 1517; x_wconf 76' lang='lat' dir='ltr'>Athenienses</span> <span class='ocrx_word' id='word_1_78' title='bbox 442 1457 472 1516; x_wconf 88' lang='lat' dir='ltr'>in</span> <span class='ocrx_word' id='word_1_79' title='bbox 494 1473 610 1516; x_wconf 80' lang='lat' dir='ltr'>summu</span> <span class='ocrx_word' id='word_1_80' title='bbox 623 1454 698 1517; x_wconf 87' lang='lat' dir='ltr'>lame</span> <span class='ocrx_word' id='word_1_81' title='bbox 707 1449 900 1542; x_wconf 74' lang='grc' dir='ltr'><strong><em>ὑποδήματα</em></strong></span> <span class='ocrx_word' id='word_1_82' title='bbox 910 1459 965 1520; x_wconf 77' lang='grc' dir='ltr'>καὶ</span> <span class='ocrx_word' id='word_1_83' title='bbox 978 1453 1137 1540; x_wconf 78' lang='grc' dir='ltr'><strong><em>ληκύθους</em></strong></span> 
     </span>
     <span class='ocr_line' id='line_1_11' title="bbox 96 1571 1135 1659; baseline -0.002 -21"><span class='ocrx_word' id='word_1_84' title='bbox 96 1571 211 1659; x_wconf 81' lang='grc' dir='ltr'><strong><em>έφθάς</em></strong></span> <span class='ocrx_word' id='word_1_85' title='bbox 231 1573 346 1654; x_wconf 81' lang='lat' dir='ltr'>edissc3</span> <span class='ocrx_word' id='word_1_86' title='bbox 377 1591 431 1635; x_wconf 89' lang='lat' dir='ltr'>nec</span> <span class='ocrx_word' id='word_1_87' title='bbox 452 1573 533 1635; x_wconf 82' lang='lat' dir='ltr'>aliud</span> <span class='ocrx_word' id='word_1_88' title='bbox 555 1573 665 1636; x_wconf 84' lang='lat' dir='ltr'>hahere</span> <span class='ocrx_word' id='word_1_89' title='bbox 687 1574 843 1636; x_wconf 83' lang='lat' dir='ltr'>videbatur</span> <span class='ocrx_word' id='word_1_90' title='bbox 864 1577 954 1636; x_wconf 86' lang='lat' dir='ltr'>miser</span> <span class='ocrx_word' id='word_1_91' title='bbox 976 1575 1026 1636; x_wconf 92' lang='lat' dir='ltr'>ille</span> <span class='ocrx_word' id='word_1_92' title='bbox 1048 1593 1135 1654; x_wconf 84' lang='lat' dir='ltr'>pons-</span> 
     </span>
     <span class='ocr_line' id='line_1_12' title="bbox 96 1691 1135 1772; baseline 0.002 -19"><span class='ocrx_word' id='word_1_93' title='bbox 96 1694 187 1772; x_wconf 87' lang='lat' dir='ltr'>sltus,</span> <span class='ocrx_word' id='word_1_94' title='bbox 209 1693 260 1771; x_wconf 86' lang='lat' dir='ltr'>qui</span> <span class='ocrx_word' id='word_1_95' title='bbox 282 1691 386 1752; x_wconf 83' lang='lat' dir='ltr'>morbo</span> <span class='ocrx_word' id='word_1_96' title='bbox 408 1691 569 1771; x_wconf 83' lang='lat' dir='ltr'>impeditus</span> <span class='ocrx_word' id='word_1_97' title='bbox 584 1693 672 1754; x_wconf 86' lang='lat' dir='ltr'>domo</span> <span class='ocrx_word' id='word_1_98' title='bbox 690 1694 772 1754; x_wconf 79' lang='lat' dir='ltr'>exire</span> <span class='ocrx_word' id='word_1_99' title='bbox 789 1711 847 1754; x_wconf 92' lang='lat' dir='ltr'>non</span> <span class='ocrx_word' id='word_1_100' title='bbox 859 1697 978 1772; x_wconf 83' lang='lat' dir='ltr'>poterat</span> <span class='ocrx_word' id='word_1_101' title='bbox 993 1699 1052 1772; x_wconf 86' lang='lat' dir='ltr'>(ap.</span> <span class='ocrx_word' id='word_1_102' title='bbox 1064 1693 1135 1755; x_wconf 78' lang='lat' dir='ltr'>hih.</span> 
     </span>
     <span class='ocr_line' id='line_1_13' title="bbox 97 1802 1133 1890; baseline 0.002 -18"><span class='ocrx_word' id='word_1_103' title='bbox 97 1809 183 1888; x_wconf 87' lang='lat' dir='ltr'>xul,</span> <span class='ocrx_word' id='word_1_104' title='bbox 210 1802 286 1890; x_wconf 81' lang='lat'>584,</span> <span class='ocrx_word' id='word_1_105' title='bbox 308 1809 350 1884; x_wconf 86' lang='lat' dir='ltr'>i).</span> <span class='ocrx_word' id='word_1_106' title='bbox 393 1808 533 1872; x_wconf 83' lang='lat' dir='ltr'>Scociene</span> <span class='ocrx_word' id='word_1_107' title='bbox 555 1811 709 1887; x_wconf 84' lang='lat' dir='ltr'>videnlur,</span> <span class='ocrx_word' id='word_1_108' title='bbox 743 1827 810 1889; x_wconf 75' lang='lat' dir='ltr'>quae</span> <span class='ocrx_word' id='word_1_109' title='bbox 834 1811 1058 1890; x_wconf 82' lang='lat' dir='ltr'>conspiciuntur</span> <span class='ocrx_word' id='word_1_110' title='bbox 1085 1827 1133 1889; x_wconf 82' lang='lat' dir='ltr'>op.</span> 
     </span>
     <span class='ocr_line' id='line_1_14' title="bbox 98 1927 501 2006; baseline 0.007 -16"><span class='ocrx_word' id='word_1_111' title='bbox 98 1929 243 1991; x_wconf 76' lang='lat' dir='ltr'>Letoonn.</span> <span class='ocrx_word' id='word_1_112' title='bbox 269 1929 288 1990; x_wconf 92' lang='lat' dir='ltr'>l.</span> <span class='ocrx_word' id='word_1_113' title='bbox 301 1928 331 2006; x_wconf 90' lang='grc'>1.,</span> <span class='ocrx_word' id='word_1_114' title='bbox 352 1929 389 2006; x_wconf 89' lang='grc' dir='ltr'>Ε,</span> <span class='ocrx_word' id='word_1_115' title='bbox 412 1927 444 1992; x_wconf 80' lang='lat' dir='ltr'>F.</span> <span class='ocrx_word' id='word_1_116' title='bbox 466 1928 501 1993; x_wconf 87' lang='lat' dir='ltr'>G.</span> 
     </span>
    </p>
   </div>
   <div class='ocr_carea' id='block_1_3' title="bbox 519 2141 723 2232">
    <p class='ocr_par' dir='ltr' id='par_1_3' title="bbox 519 2141 723 2232">
     <span class='ocr_line' id='line_1_15' title="bbox 519 2141 723 2232; baseline 0.074 -26"><span class='ocrx_word' id='word_1_117' title='bbox 519 2141 550 2208; x_wconf 80' lang='lat'>2.</span> <span class='ocrx_word' id='word_1_118' title='bbox 587 2147 723 2232; x_wconf 81' lang='grc' dir='ltr'><strong><em>Ὄλπη,</em></strong></span> 
     </span>
    </p>
   </div>
   <div class='ocr_carea' id='block_1_4' title="bbox 95 2294 1136 2855">
    <p class='ocr_par' dir='ltr' id='par_1_4' title="bbox 95 2294 1136 2855">
     <span class='ocr_line' id='line_1_16' title="bbox 97 2294 1134 2384; baseline 0.001 -22"><span class='ocrx_word' id='word_1_119' title='bbox 97 2298 198 2364; x_wconf 87' lang='lat' dir='ltr'>Schol.</span> <span class='ocrx_word' id='word_1_120' title='bbox 220 2299 256 2361; x_wconf 81' lang='lat' dir='ltr'>ad</span> <span class='ocrx_word' id='word_1_121' title='bbox 278 2297 427 2360; x_wconf 84' lang='lat' dir='ltr'>Thcocnli.</span> <span class='ocrx_word' id='word_1_122' title='bbox 445 2294 556 2378; x_wconf 60' lang='lat'>2156</span> <span class='ocrx_word' id='word_1_123' title='bbox 577 2301 684 2380; x_wconf 87' lang='lat' dir='ltr'>inquii,</span> <span class='ocrx_word' id='word_1_124' title='bbox 713 2303 822 2383; x_wconf 78' lang='grc' dir='ltr'><strong><em>κυρίοις</em></strong></span> <span class='ocrx_word' id='word_1_125' title='bbox 842 2295 862 2384; x_wconf 81' lang='grc' dir='ltr'><em>ἦ</em></span> <span class='ocrx_word' id='word_1_126' title='bbox 884 2299 1055 2382; x_wconf 78' lang='grc' dir='ltr'><strong><em>δερματίνη</em></strong></span> <span class='ocrx_word' id='word_1_127' title='bbox 1077 2298 1134 2384; x_wconf 80' lang='grc' dir='ltr'>λη’-</span> 
     </span>
     <span class='ocr_line' id='line_1_17' title="bbox 96 2416 1136 2498; baseline -0.005 -15"><span class='ocrx_word' id='word_1_128' title='bbox 96 2421 209 2494; x_wconf 84' lang='grc' dir='ltr'><strong><em>κοθος.</em></strong></span> <span class='ocrx_word' id='word_1_129' title='bbox 252 2416 309 2478; x_wconf 89' lang='lat' dir='ltr'>Sed</span> <span class='ocrx_word' id='word_1_130' title='bbox 322 2417 379 2478; x_wconf 90' lang='lat' dir='ltr'>hoc</span> <span class='ocrx_word' id='word_1_131' title='bbox 394 2418 514 2479; x_wconf 88' lang='lat' dir='ltr'>minime</span> <span class='ocrx_word' id='word_1_132' title='bbox 536 2418 712 2481; x_wconf 79' lang='lat' dir='ltr'>confirmant</span> <span class='ocrx_word' id='word_1_133' title='bbox 733 2418 914 2496; x_wconf 82' lang='lat' dir='ltr'>scriptorum</span> <span class='ocrx_word' id='word_1_134' title='bbox 935 2417 1080 2498; x_wconf 82' lang='lat' dir='ltr'>exemplo,</span> <span class='ocrx_word' id='word_1_135' title='bbox 1103 2423 1136 2478; x_wconf 90' lang='lat' dir='ltr'>ut</span> 
     </span>
     <span class='ocr_line' id='line_1_18' title="bbox 96 2528 1135 2619; baseline 0.004 -23"><span class='ocrx_word' id='word_1_136' title='bbox 96 2537 223 2599; x_wconf 84' lang='lat' dir='ltr'>Theocr.</span> <span class='ocrx_word' id='word_1_137' title='bbox 237 2528 288 2614; x_wconf 85' lang='lat'>18,</span> <span class='ocrx_word' id='word_1_138' title='bbox 302 2529 361 2597; x_wconf 84' lang='lat'>45:</span> <span class='ocrx_word' id='word_1_139' title='bbox 386 2530 540 2619; x_wconf 85' lang='grc' dir='ltr'><strong><em>άργυρέας</em></strong></span> <span class='ocrx_word' id='word_1_140' title='bbox 553 2535 587 2616; x_wconf 75' lang='grc' dir='ltr'>ἐξ</span> <span class='ocrx_word' id='word_1_141' title='bbox 598 2534 732 2612; x_wconf 83' lang='grc' dir='ltr'><strong><em>ὄλπιδος</em></strong></span> <span class='ocrx_word' id='word_1_142' title='bbox 747 2529 845 2617; x_wconf 78' lang='grc' dir='ltr'><strong><em>ὖγρόν</em></strong></span> <span class='ocrx_word' id='word_1_143' title='bbox 855 2532 998 2618; x_wconf 78' lang='grc' dir='ltr'><strong><em>ἄλειφαρ</em></strong></span> <span class='ocrx_word' id='word_1_144' title='bbox 1015 2532 1135 2600; x_wconf 69' lang='lat' dir='ltr'>lacoo-</span> 
     </span>
     <span class='ocr_line' id='line_1_19' title="bbox 95 2649 1134 2737; baseline -0.002 -19"><span class='ocrx_word' id='word_1_145' title='bbox 95 2677 203 2737; x_wconf 82' lang='grc' dir='ltr'><strong><em>μενοι,</em></strong></span> <span class='ocrx_word' id='word_1_146' title='bbox 234 2653 335 2715; x_wconf 80' lang='lat' dir='ltr'>Achaei</span> <span class='ocrx_word' id='word_1_147' title='bbox 357 2654 537 2716; x_wconf 80' lang='lat' dir='ltr'>Eretriensls</span> <span class='ocrx_word' id='word_1_148' title='bbox 559 2673 606 2734; x_wconf 89' lang='lat' dir='ltr'>ap.</span> <span class='ocrx_word' id='word_1_149' title='bbox 628 2655 699 2717; x_wconf 86' lang='lat' dir='ltr'>llth.</span> <span class='ocrx_word' id='word_1_150' title='bbox 721 2653 764 2736; x_wconf 88' lang='lat' dir='ltr'>X,</span> <span class='ocrx_word' id='word_1_151' title='bbox 785 2649 860 2735; x_wconf 85' lang='lat'>451,</span> <span class='ocrx_word' id='word_1_152' title='bbox 883 2668 915 2716; x_wconf 92' lang='lat' dir='ltr'>c:</span> <span class='ocrx_word' id='word_1_153' title='bbox 938 2650 1134 2736; x_wconf 77' lang='grc' dir='ltr'><strong><em>λιθάργυρος</em></strong></span> 
     </span>
     <span class='ocr_line' id='line_1_20' title="bbox 96 2770 712 2855; baseline -0.003 -16"><span class='ocrx_word' id='word_1_154' title='bbox 96 2770 192 2855; x_wconf 76' lang='grc' dir='ltr'><strong><em>ὄλπη,</em></strong></span> <span class='ocrx_word' id='word_1_155' title='bbox 213 2771 405 2852; x_wconf 81' lang='lat' dir='ltr'>Epigramma</span> <span class='ocrx_word' id='word_1_156' title='bbox 426 2791 473 2852; x_wconf 90' lang='lat' dir='ltr'>ap.</span> <span class='ocrx_word' id='word_1_157' title='bbox 495 2772 616 2836; x_wconf 79' lang='lat' dir='ltr'>Sullam</span> <span class='ocrx_word' id='word_1_158' title='bbox 638 2791 662 2835; x_wconf 87' lang='lat' dir='ltr'>s.</span> <span class='ocrx_word' id='word_1_159' title='bbox 684 2792 712 2837; x_wconf 89' lang='lat' dir='ltr'>v.</span> 
     </span>
    </p>
   </div>
   <div class='ocr_carea' id='block_1_5' title="bbox 182 2935 1036 3390">
    <p class='ocr_par' dir='ltr' id='par_1_5' title="bbox 182 2935 1036 3145">
     <span class='ocr_line' id='line_1_21' title="bbox 182 2935 1036 3029; baseline 0.002 -23"><span class='ocrx_word' id='word_1_160' title='bbox 182 2940 335 3006; x_wconf 82' lang='grc' dir='ltr'><strong><em>Χάλκεον</em></strong></span> <span class='ocrx_word' id='word_1_161' title='bbox 356 2935 498 3029; x_wconf 79' lang='grc' dir='ltr'><strong><em>άργυρέῳ</em></strong></span> <span class='ocrx_word' id='word_1_162' title='bbox 518 2965 560 3026; x_wconf 76' lang='grc' dir='ltr'>με</span> <span class='ocrx_word' id='word_1_163' title='bbox 581 2940 774 3008; x_wconf 82' lang='grc' dir='ltr'><strong><em>πανείκελον</em></strong></span> <span class='ocrx_word' id='word_1_164' title='bbox 791 2936 921 3008; x_wconf 80' lang='grc' dir='ltr'><strong><em>Ἰνδικὸν</em></strong></span> <span class='ocrx_word' id='word_1_165' title='bbox 942 2939 1036 3024; x_wconf 79' lang='grc' dir='ltr'><strong><em>ἔργον</em></strong></span> 
     </span>
     <span class='ocr_line' id='line_1_22' title="bbox 227 3055 825 3145; baseline -0.005 -19"><span class='ocrx_word' id='word_1_166' title='bbox 227 3057 331 3143; x_wconf 85' lang='grc' dir='ltr'><strong><em>ὄλπην</em></strong></span> <span class='ocrx_word' id='word_1_167' title='bbox 351 3055 477 3145; x_wconf 74' lang='grc' dir='ltr'><strong><em>ἡδίστου</em></strong></span> <span class='ocrx_word' id='word_1_168' title='bbox 498 3064 616 3139; x_wconf 77' lang='grc' dir='ltr'><strong><em>ξείνιον</em></strong></span> <span class='ocrx_word' id='word_1_169' title='bbox 637 3059 682 3136; x_wconf 82' lang='grc' dir='ltr'>είς</span> <span class='ocrx_word' id='word_1_170' title='bbox 703 3057 825 3143; x_wconf 79' lang='grc' dir='ltr'><strong><em>ἑτάρου,</em></strong></span> 
     </span>
    </p>

    <p class='ocr_par' dir='ltr' id='par_1_6' title="bbox 185 3175 961 3390">
     <span class='ocr_line' id='line_1_23' title="bbox 185 3175 894 3263; baseline 0.001 -21"><span class='ocrx_word' id='word_1_171' title='bbox 185 3175 270 3263; x_wconf 79' lang='grc' dir='ltr'><strong><em>ἦμαρ</em></strong></span> <span class='ocrx_word' id='word_1_172' title='bbox 292 3176 363 3243; x_wconf 70' lang='lat' dir='ltr'>inci</span> <span class='ocrx_word' id='word_1_173' title='bbox 382 3178 458 3245; x_wconf 76' lang='grc' dir='ltr'><strong><em>τάδε</em></strong></span> <span class='ocrx_word' id='word_1_174' title='bbox 479 3189 546 3246; x_wconf 81' lang='lat' dir='ltr'>osio</span> <span class='ocrx_word' id='word_1_175' title='bbox 567 3177 742 3261; x_wconf 76' lang='grc' dir='ltr'><strong><em>γενέθλιον</em></strong></span> <span class='ocrx_word' id='word_1_176' title='bbox 757 3223 894 3252; x_wconf 84' lang='grc'>.....</span> 
     </span>
     <span class='ocr_line' id='line_1_24' title="bbox 227 3293 961 3390; baseline -0.007 -30"><span class='ocrx_word' id='word_1_177' title='bbox 227 3300 348 3380; x_wconf 82' lang='grc' dir='ltr'><strong><em>πέμπει</em></strong></span> <span class='ocrx_word' id='word_1_178' title='bbox 368 3300 535 3390; x_wconf 73' lang='grc' dir='ltr'><strong><em>γρθομένῃ</em></strong></span> <span class='ocrx_word' id='word_1_179' title='bbox 556 3293 613 3363; x_wconf 76' lang='grc' dir='ltr'>ουν</span> <span class='ocrx_word' id='word_1_180' title='bbox 635 3299 729 3381; x_wconf 77' lang='grc' dir='ltr'><strong><em>φρενί</em></strong></span> <span class='ocrx_word' id='word_1_181' title='bbox 750 3293 961 3380; x_wconf 85' lang='grc' dir='ltr'><strong><em>Κριναγάροις.</em></strong></span> 
     </span>
    </p>
   </div>
   <div class='ocr_carea' id='block_1_6' title="bbox 100 3457 1137 3666">
    <p class='ocr_par' dir='ltr' id='par_1_7' title="bbox 100 3457 1137 3666">
     <span class='ocr_line' id='line_1_25' title="bbox 100 3457 1136 3550; baseline -0.005 -22"><span class='ocrx_word' id='word_1_182' title='bbox 100 3467 167 3528; x_wconf 84' lang='lat' dir='ltr'>ntia</span> <span class='ocrx_word' id='word_1_183' title='bbox 188 3466 334 3546; x_wconf 84' lang='lat' dir='ltr'>exempla,</span> <span class='ocrx_word' id='word_1_184' title='bbox 357 3466 408 3528; x_wconf 91' lang='lat' dir='ltr'>uhi</span> <span class='ocrx_word' id='word_1_185' title='bbox 430 3465 515 3550; x_wconf 83' lang='grc' dir='ltr'><strong><em>ὄλπη</em></strong></span> <span class='ocrx_word' id='word_1_186' title='bbox 536 3468 576 3528; x_wconf 86' lang='lat' dir='ltr'>sit</span> <span class='ocrx_word' id='word_1_187' title='bbox 598 3463 749 3550; x_wconf 77' lang='grc' dir='ltr'>λήκυθος,</span> <span class='ocrx_word' id='word_1_188' title='bbox 772 3464 830 3526; x_wconf 84' lang='lat' dir='ltr'>vid.</span> <span class='ocrx_word' id='word_1_189' title='bbox 852 3463 979 3526; x_wconf 87' lang='lat' dir='ltr'>Theocn.</span> <span class='ocrx_word' id='word_1_190' title='bbox 1001 3457 1033 3541; x_wconf 77' lang='lat'>2,</span> <span class='ocrx_word' id='word_1_191' title='bbox 1059 3458 1136 3523; x_wconf 85' lang='lat'><strong>156:</strong></span> 
     </span>
     <span class='ocr_line' id='line_1_26' title="bbox 101 3577 1137 3666; baseline -0.009 -19"><span class='ocrx_word' id='word_1_192' title='bbox 101 3587 156 3647; x_wconf 76' lang='grc' dir='ltr'>καί</span> <span class='ocrx_word' id='word_1_193' title='bbox 176 3579 253 3665; x_wconf 82' lang='grc' dir='ltr'><strong><em>παρ’</em></strong></span> <span class='ocrx_word' id='word_1_194' title='bbox 273 3582 343 3666; x_wconf 81' lang='grc' dir='ltr'><strong><em>έμῐν</em></strong></span> <span class='ocrx_word' id='word_1_195' title='bbox 364 3582 469 3648; x_wconf 85' lang='grc' dir='ltr'><strong><em>έιίθει</em></strong></span> <span class='ocrx_word' id='word_1_196' title='bbox 490 3579 550 3651; x_wconf 78' lang='grc' dir='ltr'>τάν</span> <span class='ocrx_word' id='word_1_197' title='bbox 570 3581 699 3666; x_wconf 81' lang='grc' dir='ltr'><strong><em>Δωρίδα</em></strong></span> <span class='ocrx_word' id='word_1_198' title='bbox 720 3581 878 3657; x_wconf 80' lang='grc' dir='ltr'><strong><em>πολλάκις</em></strong></span> <span class='ocrx_word' id='word_1_199' title='bbox 900 3579 1009 3647; x_wconf 85' lang='grc' dir='ltr'><strong><em>άλπαν</em></strong></span> <span class='ocrx_word' id='word_1_200' title='bbox 1031 3585 1061 3639; x_wconf 89' lang='lat' dir='ltr'>et</span> <span class='ocrx_word' id='word_1_201' title='bbox 1084 3577 1137 3639; x_wconf 88' lang='lat' dir='ltr'>Nl·</span> 
     </span>
    </p>
   </div>
   <div class='ocr_carea' id='block_1_7' title="bbox 101 3691 1146 4258">
    <p class='ocr_par' dir='ltr' id='par_1_8' title="bbox 101 3691 1146 4258">
     <span class='ocr_line' id='line_1_27' title="bbox 101 3691 1139 3788; baseline -0.001 -25"><span class='ocrx_word' id='word_1_202' title='bbox 101 3702 187 3765; x_wconf 85' lang='lat' dir='ltr'>cond.</span> <span class='ocrx_word' id='word_1_203' title='bbox 221 3701 355 3766; x_wconf 80' lang='lat' dir='ltr'>Theclae.</span> <span class='ocrx_word' id='word_1_204' title='bbox 388 3697 448 3765; x_wconf 77' lang='lat'>97:</span> <span class='ocrx_word' id='word_1_205' title='bbox 490 3696 557 3768; x_wconf 78' lang='grc' dir='ltr'>αὖα</span> <span class='ocrx_word' id='word_1_206' title='bbox 592 3697 625 3764; x_wconf 76' lang='grc' dir='ltr'>δ’</span> <span class='ocrx_word' id='word_1_207' title='bbox 646 3697 683 3764; x_wconf 84' lang='grc' dir='ltr'>έν</span> <span class='ocrx_word' id='word_1_208' title='bbox 710 3695 796 3788; x_wconf 79' lang='grc' dir='ltr'><strong><em>ὄλπῃ</em></strong></span> <span class='ocrx_word' id='word_1_209' title='bbox 824 3697 964 3783; x_wconf 83' lang='grc' dir='ltr'><strong><em>θράπτε,</em></strong></span> <span class='ocrx_word' id='word_1_210' title='bbox 1002 3700 1056 3760; x_wconf 79' lang='grc' dir='ltr'>καὶ</span> <span class='ocrx_word' id='word_1_211' title='bbox 1084 3691 1139 3762; x_wconf 79' lang='grc' dir='ltr'>οὐ·</span> 
     </span>
     <span class='ocr_line' id='line_1_28' title="bbox 101 3816 1141 3901; baseline -0.008 -18"><span class='ocrx_word' id='word_1_212' title='bbox 101 3823 174 3883; x_wconf 74' lang='lat' dir='ltr'>cina</span> <span class='ocrx_word' id='word_1_213' title='bbox 194 3829 268 3901; x_wconf 84' lang='grc' dir='ltr'><strong><em>γνία</em></strong></span> <span class='ocrx_word' id='word_1_214' title='bbox 290 3819 464 3896; x_wconf 85' lang='grc' dir='ltr'><strong><em>λιπαίνοις.</em></strong></span> <span class='ocrx_word' id='word_1_215' title='bbox 508 3819 632 3881; x_wconf 85' lang='lat' dir='ltr'>Videtur</span> <span class='ocrx_word' id='word_1_216' title='bbox 655 3819 744 3880; x_wconf 88' lang='lat' dir='ltr'>huius</span> <span class='ocrx_word' id='word_1_217' title='bbox 768 3819 895 3879; x_wconf 88' lang='lat' dir='ltr'>nominis</span> <span class='ocrx_word' id='word_1_218' title='bbox 918 3819 962 3877; x_wconf 86' lang='lat' dir='ltr'>vis</span> <span class='ocrx_word' id='word_1_219' title='bbox 987 3816 1024 3877; x_wconf 86' lang='lat' dir='ltr'>ab</span> <span class='ocrx_word' id='word_1_220' title='bbox 1056 3817 1141 3876; x_wconf 88' lang='lat' dir='ltr'>initio</span> 
     </span>
     <span class='ocr_line' id='line_1_29' title="bbox 103 3929 1141 4018; baseline -0.007 -19"><span class='ocrx_word' id='word_1_221' title='bbox 103 3939 194 4000; x_wconf 87' lang='lat' dir='ltr'>lulius</span> <span class='ocrx_word' id='word_1_222' title='bbox 223 3939 372 4018; x_wconf 86' lang='lat' dir='ltr'>potuisse,</span> <span class='ocrx_word' id='word_1_223' title='bbox 406 3957 472 3999; x_wconf 85' lang='lat' dir='ltr'>nam</span> <span class='ocrx_word' id='word_1_224' title='bbox 501 3936 606 4000; x_wconf 81' lang='lat' dir='ltr'>Crates</span> <span class='ocrx_word' id='word_1_225' title='bbox 634 3938 777 3999; x_wconf 83' lang='lat' dir='ltr'>docuerat</span> <span class='ocrx_word' id='word_1_226' title='bbox 810 3936 897 4010; x_wconf 84' lang='lat' dir='ltr'>(Aih.</span> <span class='ocrx_word' id='word_1_227' title='bbox 922 3933 977 4010; x_wconf 87' lang='lat' dir='ltr'>xl,</span> <span class='ocrx_word' id='word_1_228' title='bbox 997 3929 1073 4012; x_wconf 75' lang='lat'>405,</span> <span class='ocrx_word' id='word_1_229' title='bbox 1095 3933 1141 4010; x_wconf 86' lang='lat' dir='ltr'>h),</span> 
     </span>
     <span class='ocr_line' id='line_1_30' title="bbox 103 4052 1143 4143; baseline -0.012 -23"><span class='ocrx_word' id='word_1_230' title='bbox 103 4056 252 4143; x_wconf 78' lang='grc' dir='ltr'><strong><em>οἶνοχόην</em></strong></span> <span class='ocrx_word' id='word_1_231' title='bbox 273 4057 344 4118; x_wconf 86' lang='lat' dir='ltr'>olim</span> <span class='ocrx_word' id='word_1_232' title='bbox 367 4057 410 4117; x_wconf 86' lang='lat' dir='ltr'>sio</span> <span class='ocrx_word' id='word_1_233' title='bbox 432 4055 524 4116; x_wconf 89' lang='lat' dir='ltr'>luisse</span> <span class='ocrx_word' id='word_1_234' title='bbox 546 4055 734 4135; x_wconf 76' lang='lat' dir='ltr'>appeliatum,</span> <span class='ocrx_word' id='word_1_235' title='bbox 758 4059 788 4115; x_wconf 90' lang='lat' dir='ltr'>et</span> <span class='ocrx_word' id='word_1_236' title='bbox 806 4056 936 4115; x_wconf 83' lang='lat' dir='ltr'>citantur</span> <span class='ocrx_word' id='word_1_237' title='bbox 958 4052 1047 4112; x_wconf 90' lang='lat' dir='ltr'>huius</span> <span class='ocrx_word' id='word_1_238' title='bbox 1070 4067 1143 4113; x_wconf 84' lang='lat' dir='ltr'>usus</span> 
     </span>
     <span class='ocr_line' id='line_1_31' title="bbox 103 4161 1146 4258; baseline -0.011 -21"><span class='ocrx_word' id='word_1_239' title='bbox 103 4175 305 4258; x_wconf 83' lang='lat' dir='ltr'>antiquissimi</span> <span class='ocrx_word' id='word_1_240' title='bbox 329 4178 478 4251; x_wconf 82' lang='lat' dir='ltr'>nociores,</span> <span class='ocrx_word' id='word_1_241' title='bbox 500 4171 619 4250; x_wconf 89' lang='lat' dir='ltr'>Sappho</span> <span class='ocrx_word' id='word_1_242' title='bbox 642 4173 729 4246; x_wconf 67' lang='lat' dir='ltr'>[etth.</span> <span class='ocrx_word' id='word_1_243' title='bbox 744 4171 785 4245; x_wconf 87' lang='lat' dir='ltr'>X,</span> <span class='ocrx_word' id='word_1_244' title='bbox 807 4166 880 4247; x_wconf 75' lang='lat'>425,</span> <span class='ocrx_word' id='word_1_245' title='bbox 904 4170 955 4240; x_wconf 75' lang='lat' dir='ltr'>di:</span> <span class='ocrx_word' id='word_1_246' title='bbox 974 4161 1090 4247; x_wconf 80' lang='grc' dir='ltr'><strong><em>Ἑρμᾶς</em></strong></span> <span class='ocrx_word' id='word_1_247' title='bbox 1113 4161 1146 4226; x_wconf 84' lang='grc' dir='ltr'>δ’</span> 
     </span>
    </p>
   </div>
   <div class='ocr_carea' id='block_1_8' title="bbox 0 0 1458 4716">
    <p class='ocr_par' dir='ltr' id='par_1_9' title="bbox 0 0 1458 4716">
     <span class='ocr_line' id='line_1_32' title="bbox 0 0 1458 4716; baseline 0 0"><span class='ocrx_word' id='word_1_248' title='bbox 0 0 1458 4716; x_wconf 95' lang='lat' dir='ltr'> </span> 
     </span>
    </p>
   </div>
  </div>
 </body>
</html>
