2906 4716
618 253 663 318 39

109 451 182 538 74,
205 449 395 540 respuam.
408 456 442 522 n.
455 469 494 541 φ,
517 451 590 521 170:
611 456 804 541 μιιιιιςιαι
818 457 994 548 araneos
1008 461 1159 550 ἀμφιφο-
1262 448 1265 452 ’

108 575 227 660 ρῆας),
248 578 374 638 muriam
386 575 531 656 (Martini.
543 575 626 654 xlii,
654 572 741 659 103),
763 579 830 643 aiia.
852 579 996 645 Videmus
1006 585 1085 663 apud
1096 583 1159 646 Ηο-

109 711 249 771 merum,
271 693 481 756 Telemachum
502 713 539 756 ex
560 694 673 776 ithaca,
696 697 810 760 Ulixem
832 717 868 760 cx
886 697 1046 764 Ciconibus
1067 703 1160 782 profi·

109 812 268 872 ciscentes
290 812 393 874 iubere
414 813 506 878 οίνον
527 810 564 878 ἒν
585 809 822 900 ἀμφιφορεῦσιν
843 811 1000 901 deducam
1029 819 1104 899 (Od.
1125 825 1158 904 β,

109 924 197 1005 290,
218 924 301 1010 349,
322 925 403 1011 3793
425 955 456 1009 ι,
480 926 554 1011 164,
577 927 665 1005 204).
708 904 808 996 iitiam
829 938 907 1015 apud
928 938 1157 1018 Aristophanem

110 1047 262 1127 frequens
284 1065 374 1130 usus3
395 1067 423 1112 a.
445 1048 526 1112 Ptut.
546 1043 627 1130 8083
648 1051 730 1114 Ecci.
753 1047 847 1133 1110,
870 1053 948 1116 Nub.
973 1049 1072 1119 12⁰8:
1096 1052 1156 1139 cip·

110 1167 223 1253 φορῆς
241 1169 427 1251 νενησμένοι
432 1193 444 1246 ,·
468 1165 534 1228 Pac.
555 1163 630 1250 202,
653 1169 704 1231 uhi
718 1169 888 1233 Mercurius
905 1171 1035 1234 Dcomm
1056 1175 1158 1254 supci·

111 1283 249 1346 iectiiem
262 1289 432 1348 enumerat:
452 1283 595 1368 χυτρίδια
611 1289 666 1350 καὶ
687 1287 817 1356 σανίδια
839 1285 1065 1376 κάμφορείδια.
1098 1291 1156 1354 Ρο-

112 1405 248 1464 steriora
271 1407 403 1482 tempora
425 1405 537 1466 rariora
559 1404 694 1483 prebent
715 1407 866 1488 exempta,
901 1427 956 1471 nec
978 1415 1078 1470 tamen
1100 1410 1157 1471 du·

113 1519 276 1609 bibamus,
291 1522 362 1600 quin
385 1523 415 1586 in
438 1539 495 1583 usu
517 1527 713 1602 permanserit
734 1525 798 1586 haec
820 1543 895 1606 ron,
918 1529 1045 1590 maxime
1066 1545 1157 1610 prop·

115 1644 168 1702 ter
188 1638 311 1699 Latinos
335 1641 505 1717 scriptores.

205 1756 364 1836 Novimus,
398 1759 570 1839 amphoram
593 1777 739 1823 mensura
761 1779 869 1823 nomen
892 1761 1000 1842 tuisse,
1034 1767 1065 1825 ct
1085 1769 1155 1826 octo

114 1877 242 1956 congios
271 1875 402 1956 cepisse,
436 1895 616 1958 quamquam
648 1882 701 1959 qui
734 1880 892 1958 amphoras
924 1880 1155 1958 fabricabantur,

115 1995 202 2056 nulio
224 1995 311 2055 modo
333 1994 410 2056 hanc
432 1997 664 2075 magnitudinem
688 2003 860 2060 constanter
881 1999 1050 2066 servabant.
1084 1999 1154 2062 Fie-

114 2112 191 2174 bant
212 2111 274 2173 iere
295 2129 415 2191 semper
435 2131 472 2174 cx
493 2115 613 2197 argilla3
642 2135 821 2202 quamquam
844 2135 903 2179 non
925 2119 1034 2184 desunt
1055 2137 1156 2182 exem·

114 2231 167 2310 pia
189 2231 373 2310 pretiosioris
395 2233 538 2293 materia.
566 2234 695 2296 Auream
718 2237 852 2298 videmus
874 2256 921 2316 ap.
944 2237 1033 2300 Hom.
1056 2236 1091 2298 ii.
1114 2249 1153 2320 φ,

114 2343 179 2432 92,-
222 2365 329 2410 aeneas
358 2361 405 2428 ap.
433 2348 532 2413 Schoi.
553 2353 590 2414 ad
613 2351 697 2418 Pind.
721 2353 806 2416 Nem.
828 2353 875 2434 X,
907 2349 960 2417 67.
1013 2353 1154 2434 Lapidem

114 2467 201 2546 alia,
234 2471 268 2528 ut
290 2467 447 2546 onychina
468 2487 516 2548 ap.
538 2471 614 2535 Ptin.
637 2471 791 2552 xxxvl,
813 2469 846 2536 S.
869 2465 1053 2554 12,959;
1098 2489 1153 2533 occ
1255 2487 1260 2493 ·

114 2601 221 2666 pauca
242 2586 280 2646 ad
302 2603 356 2647 nos
377 2594 589 2672 pervenerunt,
612 2607 640 2652 v.
661 2589 789 2650 Ancient
808 2587 938 2651 Marbies
960 2587 992 2651 oi
1012 2589 1063 2651 the
1084 2587 1152 2650 Bri·
1229 2594 1233 2602 '

114 2702 664 2788 fflfflmmmmffl

202 2821 339 2885 Formam
360 2823 510 2903 amphora
531 2843 637 2890 nomen
655 2828 753 2906 ipsum
767 2827 889 2907 indicat,
912 2830 943 2888 et
957 2830 1040 2890 recte
1058 2826 1154 2906 capii-

115 2943 204 3002 catur
228 2941 266 3002 ab
294 2941 438 3002 Atheneo
467 2942 539 3028 (xi,
566 2935 650 3019 501,
684 2951 715 3017 a)
748 2945 875 3025 aliisque
907 2940 1155 3031 α’μφιφορειίςδ

114 3057 321 3142 ἑκατέρωθεν
353 3055 437 3123 κατὰ
468 3056 508 3124 coi
539 3056 606 3125 ὦτα
639 3059 817 3146 δυνάμενος
843 3065 1017 3145 φέρεσθαι.
1060 3061 1152 3124 Pictos

114 3179 341 3257 conspiciuntur
369 3182 400 3239 et
428 3179 458 3238 in
486 3180 616 3241 vasculis
646 3183 697 3260 (ut
725 3179 871 3240 Stacheib.
894 3178 1006 3240 urerer
1027 3179 1056 3242 d.
1078 3179 1152 3240 Hei·

113 3296 204 3357 tenen
233 3295 293 3357 tab.
321 3289 378 3370 25)
406 3299 437 3357 et
465 3297 495 3357 in
523 3298 688 3376 parietibus
714 3303 757 3370 (v.
784 3295 900 3368 Kaiser.
928 3295 967 3358 11.
997 3315 1027 3360 u.
1057 3295 1089 3360 P.
1112 3295 1151 3377 ii,

116 3407 183 3474 126
194 3418 224 3474 et
234 3413 286 3492 lv,
307 3408 362 3488 ⁸22,
384 3413 435 3476 ubi
459 3415 591 3477 navicuia
615 3421 659 3476 est
681 3390 891 3494 amphorarum
914 3414 1011 3493 piena,
1033 3431 1150 3498 νενησ-

113 3535 236 3615 μίνων,
267 3537 302 3594 ut
328 3533 371 3593 ait
396 3533 551 3614 Aristoph.
579 3533 600 3597 Ι.
628 3533 650 3596 i.
676 3533 920 3613 Vulgatissimum
940 3533 998 3594 hoc
1020 3537 1066 3594 est
1087 3551 1152 3596 nm·

114 3651 278 3732 phocarum
306 3669 416 3729 genus,
454 3651 530 3714 inira
559 3654 589 3714 in
626 3656 747 3714 acutum
783 3652 921 3714 desinens
950 3654 993 3725 (r.
1021 3649 1093 3714 Pan.
1120 3649 1151 3733 i,
1184 3625 1190 3636 ¹

113 3764 172 3848 5),
205 3768 285 3847 quod
319 3773 372 3830 aut
406 3771 436 3832 in
470 3775 580 3832 terram
612 3770 821 3835 defodiendum
853 3771 934 3850 erat,
966 3773 1018 3832 aut
1051 3770 1078 3832 ai
1112 3770 1150 3832 ad

114 3887 319 3947 conviviorum
354 3903 442 3974 usum
474 3887 686 3966 adhibebatur,
720 3888 829 3968 tripodi
862 3888 1073 3968 imponendum
1105 3893 1149 3963 (.

115 3989 364 4067 Mulierltenirm.
386 4003 410 4084 i,
433 4001 519 4097 nb).
549 4003 638 4068 Tales
660 4023 793 4086 persepe
814 4005 871 4068 sub
891 4009 970 4068 terra
993 4007 1149 4068 inveniun-

114 4127 180 4196 tur,
213 4121 260 4204 vet
284 4139 321 4182 ex
344 4123 410 4184 rudi
431 4122 553 4204 argilla,
572 4089 631 4184 ⁸vei
661 4129 695 4183 ut
722 4124 850 4184 diximus
877 4142 914 4184 cx
935 4123 1033 4203 lapide
1054 4121 1147 4186 iactu.
