2902 4704
652 257 696 327 93
791 332 796 340 ,

147 469 274 531 multum
297 467 459 529 abhorrent
471 466 573 528 neritia
587 466 807 547 hypocrateria,
831 467 939 547 quibus
957 467 1101 549 impositu
1118 429 1188 532 sunt

147 589 283 649 rotunde
306 586 365 647 illae
388 589 531 666 craterae,
555 603 630 665 quos
651 587 738 646 dinos
760 603 828 648 esse
850 589 1029 670 putarimus,
1052 608 1080 653 v.
1104 607 1185 669 supr.

146 725 176 786 p.
197 700 250 768 83.
295 703 570 766 Commemorantur
597 706 706 784 saepius
735 704 944 784 hypocrateria
966 709 1045 767 inter
1066 709 1187 770 donaria
1316 715 1319 722 '

148 823 342 904 templorum,
364 841 392 884 v.
415 822 545 885 Boecth.
564 821 656 902 Corp.
679 823 771 888 lnscr.
794 823 818 906 l,
839 816 872 906 8,
896 843 925 904 p.
947 819 1000 906 Ὦ,
1028 830 1059 888 et
1082 824 1185 888 Franz.

146 944 303 1006 Elementa
324 941 528 1020 epigraphices
550 961 578 1020 p.
600 937 655 1004 79.

512 1139 544 1205 2.
584 1138 813 1228 'entreceur

148 1301 178 1358 in
191 1295 343 1376 Sigeensis
365 1298 521 1358 marmoris
543 1295 682 1358 interiore
704 1301 789 1376 parte
810 1297 920 1359 dicitur
942 1298 1020 1376 quod
1044 1300 1073 1358 in
1096 1315 1186 1376 supe·

147 1417 228 1477 riore
249 1419 296 1478 est
315 1401 547 1499 ὄποκρητὴριον
568 1415 710 1487 (Boeclh.
733 1413 802 1479 (tl.
827 1410 904 1496 n.8;
928 1415 1031 1477 Franz.
1048 1417 1144 1478 Elem.
1158 1435 1186 1480 n.

147 1531 216 1608 3⁶2).
264 1534 389 1612 Legitur
411 1535 488 1594 idem
515 1536 544 1594 in
571 1535 625 1596 Ar.
652 1533 706 1596 Αν.
731 1528 810 1597 436:
837 1534 882 1610 είς
907 1531 965 1600 τὸν
990 1531 1087 1599 ἰπνὸν
1113 1537 1188 1598 εἴσω

137 1655 284 1737 ’πλησίον
304 1637 518 1718 criminantem.
573 1651 667 1712 Recte
700 1653 816 1730 antiqui
849 1653 970 1732 quidam
989 1655 1187 1744 ¹grammatici

148 1773 335 1851 interpretati
372 1775 444 1832 sunt
482 1767 620 1852 aptitudo
650 1769 813 1851 χαλκοῦν,
854 1763 882 1857 qi
914 1767 1100 1834 ἐπιτιθέασι
1131 1766 1188 1835 τὸν

147 1889 265 1973 λέβητα
281 1892 337 1954 καὶ
350 1882 568 1954 ὑποκαίουσιν.
604 1886 766 1949 Callistrnti
779 1889 898 1966 quidem
911 1889 1024 1967 opinio,
1047 1905 1114 1948 erse
1131 1887 1188 1966 lig·

148 2027 219 2070 num
241 2027 278 2068 ex
301 2025 361 2086 quo
382 2007 531 2086 pendeant
551 2008 749 2067 instrumenta
772 2006 932 2086 culinaria,
965 2023 1001 2066 er
1029 2007 1094 2085 ipso
1117 2007 1187 2066 Ari-

147 2127 303 2206 stophanis
325 2127 391 2187 loco
412 2128 479 2186 orta
500 2125 636 2201 videtum
669 2143 771 2186 eorum
793 2129 893 2186 autem
916 2143 1018 2199 error,
1052 2126 1103 2202 qui
1126 2118 1187 2188 civ·

148 2242 286 2331 δριοίντα
306 2242 442 2328 πήλινον
463 2243 646 2321 intelligunt,
669 2261 706 2304 er
728 2260 764 2303 eo
786 2243 866 2322 quod
889 2243 1102 2304 nominativum
1124 2247 1186 2304 sta-

150 2365 262 2426 tuerint
282 2357 302 2428 ri
323 2359 499 2444 ἐπιστάτης,
521 2380 579 2422 non
602 2356 637 2424 cci
660 2358 840 2425 ίπίστατον.

545 2558 579 2624 3.
619 2555 788 2644 ᾸΤρίποος

149 2717 275 2800 μηχανή
297 2712 362 2778 ἐστι
384 2724 465 2798 τρεῖς
485 2714 596 2798 βαίτας
616 2711 746 2796 ἔχουσα,
779 2717 813 2776 ut
835 2695 1044 2776 aitDiodorus
1067 2711 1186 2774 Siculus

151 2833 235 2912 XVI,
257 2829 315 2908 nd,
338 2851 427 2912 quem
448 2851 520 2895 sane
543 2851 678 2894 morosus
700 2839 747 2895 est
769 2835 848 2912 quod
871 2835 1020 2913 vituperat
1040 2831 1188 2893 Mulierus

151 2952 204 3027 (de
226 2953 342 3032 tripode
365 2951 508 3030 Delphico
529 2971 559 3030 p.
581 2947 629 3024 5).
672 2951 778 3031 Neque
803 2953 882 3012 enim
904 2950 1069 3030 simplicius
1092 2969 1189 3029 neque

150 3073 250 3132 verine
272 3070 433 3150 quidquam
456 3074 573 3148 poterat
594 3069 662 3132 dici.
707 3068 805 3130 Omne
826 3070 1073 3148 instrumentum,
1108 3069 1187 3146 quod

151 3194 211 3250 tres
232 3189 324 3267 pedes
344 3187 484 3265 habebat,
518 3189 613 3266 tripns
635 3186 803 3266 dicebatur;
849 3187 938 3246 eiiam
960 3205 1064 3278 menna¹
1084 3188 1187 3264 tripes,

150 3324 216 3384 qnae
238 3306 356 3384 pmprie
378 3310 442 3366 erat
463 3305 606 3386 τράπεζα
627 3307 763 3385 τρίπους,
785 3306 826 3364 ita
847 3304 926 3364 dicta
949 3307 995 3363 est
1009 3303 1046 3368 ab
1054 3279 1188 3364 ¹Hesiodo

150 3441 197 3502 ap.
219 3423 288 3484 nih.
311 3421 350 3502 Π,
372 3418 426 3500 49,
448 3423 482 3502 b,
506 3422 705 3501 Xenophonte
727 3422 821 3483 Anah.
846 3420 911 3503 Vll,
933 3415 966 3499 3,
988 3415 1041 3497 21,
1065 3419 1188 3498 Phylar-

151 3540 206 3601 cho
228 3558 274 3618 ap.
297 3539 369 3602 Ath.
397 3539 456 3620 lV,
489 3535 567 3620 142,
595 3541 630 3617 d,
664 3540 811 3601 Pausania
835 3539 876 3620 V,
910 3533 967 3619 12,
994 3533 1034 3616 3,
1067 3537 1189 3597 Polluce

151 3655 202 3736 Vl,
223 3651 281 3736 83,
309 3657 436 3718 tortasse
458 3659 548 3718 etiarn
570 3657 607 3718 ab
633 3658 834 3736 Aristophane
855 3657 936 3718 Eccl.
959 3650 1033 3715 744.
1054 3689 1096 3699 -
1129 3653 1187 3716 Sed

149 3776 267 3853 proprie
279 3777 407 3856 τρίπους
418 3775 593 3835 dicebantur
610 3779 670 3836 tres
683 3775 773 3853 pedes
787 3776 948 3850 coniuncti,
963 3773 1069 3850 quibus
1081 3791 1188 3834 aeuum

149 3893 362 3972 imponeretur,
385 3897 418 3952 ul
441 3893 509 3969 igne
530 3893 686 3972 supposito
706 3894 769 3952 sive
791 3910 867 3970 aqua
887 3895 950 3952 sive
969 3892 1049 3976 aliud
1072 3892 1189 3969 quidvis

148 4007 299 4069 calefieret
319 4012 373 4071 aut
394 4014 582 4087 coqueretur.
615 4008 677 4071 Nec
690 4011 782 4088 pedes
797 4013 922 4090 tantum,
946 4010 997 4070 sed
1013 4009 1189 4086 plerumque

151 4127 239 4202 pedes
266 4145 326 4186 unc
348 4143 513 4188 comneno
536 4128 675 4205 imposito
697 4129 794 4204 tripus
816 4127 933 4187 dicitur.
991 4125 1063 4185 inde
1084 4122 1186 4205 ἔμπο-
