2902 4704
607 283 651 349 9⁷
722 385 725 392 .

104 485 256 550 Archeol.
279 489 302 564 ς
322 480 388 547 362
408 492 469 548 not.
490 481 527 566 23
560 485 702 548 Peterson
731 486 769 548 ds
797 487 913 567 tripode
935 489 1084 571 -Delplrico
1117 495 1146 554 in

106 603 275 668 Commenl.
296 607 449 668 societatis
472 607 664 667 scientiarum
676 604 944 680 oanicevomv).

193 724 324 804 Repente
352 729 423 786 suut
449 723 550 786 fictilia
576 725 710 803 quedam
732 742 802 786 rasa
823 725 853 785 in
874 725 1004 788 lebetum
1026 729 1147 790 modum

105 843 249 922 rotunda,
284 844 378 904 tribus
407 843 595 904 adminiculis
627 841 712 920 lulla,
746 861 813 920 quse
840 849 870 904 et
891 846 1007 922 species
1030 847 1094 924 ipsa
1114 851 1147 910 et

104 963 193 1039 nigra
215 963 366 1022 interdum
389 961 481 1039 fuligo
504 961 651 1022 destinata
673 959 765 1022 luisse
795 966 956 1040 monstrat,
990 981 1056 1042 quae
1084 965 1145 1043 igni

104 1082 332 1158 imponerentur
358 1083 402 1153 (r.
431 1077 502 1142 Pau.
531 1077 624 1141 Rech.
647 1077 706 1156 lll,
734 1073 793 1156 563
821 1078 911 1142 Gerb.
934 1080 1009 1160 Rap.
1033 1101 1061 1144 n.
1083 1077 1144 1165 45;

103 1195 300 1276 Stockelberg
322 1197 435 1259 Graber
456 1199 486 1265 d.
510 1196 547 1260 ll.
570 1196 629 1259 tab.
654 1192 720 1278 15).
775 1196 846 1260 fleo
867 1200 893 1260 si
916 1200 984 1278 quis
1013 1202 1143 1280 tripedes

102 1316 219 1377 lebetes
239 1317 449 1396 appellaverit,
477 1333 534 1377 non
557 1315 736 1395 repugnabo.
778 1315 839 1376 Alii
861 1320 973 1396 reperti
995 1324 1066 1382 suot
1088 1324 1144 1383 tri-
1224 1325 1226 1330 '

103 1435 199 1514 podes
221 1436 360 1513 maiores,
383 1453 419 1496 ex
440 1452 499 1512 cere
519 1433 590 1495 lacti
612 1451 718 1510 magna
740 1451 809 1496 cum
830 1439 904 1515 arte,
927 1455 1003 1516 quos
1018 1438 1143 1517 Delphi-

105 1569 166 1614 cos·
181 1552 401 1632 appellaverim.
433 1551 592 1630 Exemplar
613 1551 778 1631 Metaponti
802 1553 954 1616 inventum
976 1573 1003 1616 v.
1025 1558 1055 1618 in
1070 1555 1143 1622 cab.

103 1669 262 1732 'Pourtalds
285 1671 345 1732 lab.
370 1666 421 1734 13.
464 1670 551 1732 Alter
573 1669 770 1748 Pompeianus
795 1671 902 1744 (Herc.
923 1677 953 1734 et
974 1672 1077 1754 Pomp.
1091 1675 1142 1752 Vl,

101 1787 166 1866 90)
190 1808 248 1850 non
271 1789 430 1870 circulum,
464 1789 517 1850 sed
546 1793 628 1850 recta
654 1792 785 1850 transtra
812 1807 941 1868 superne
968 1789 1074 1863 habet,
1108 1798 1143 1855 ut
1187 1785 1191 1798 '

103 1925 163 1968 nou
186 1909 222 1969 ad
245 1925 352 1970 aenum
382 1907 602 1986 recipiendum,
635 1906 687 1968 sed
715 1904 752 1968 a‘d
779 1905 903 1968 abacum
930 1909 1141 1987 imponendum

81 2025 196 2088 ¹luerit
217 2027 393 2088 destinatus.
449 2024 523 2086 Nam
552 2043 644 2104 quum
672 2024 744 2086 illud
772 2043 866 2104 genus
888 2044 925 2086 ex
946 2026 1059 2105 vulgari
1081 2030 1141 2092 vila

103 2143 316 2224 obsolevisset,
339 2144 387 2206 hic
408 2161 578 2205 mensarum
600 2161 673 2205 usus
696 2146 874 2222 permansit,
899 2145 1017 2224 dequo
1039 2146 1141 2208 videa·

102 2267 154 2324 tur
176 2263 322 2341 imprimis
344 2261 449 2324 Pollux
470 2261 518 2341 X,
538 2256 597 2342 813
632 2261 765 2340 talesque
792 2263 946 2344 videatur,
982 2283 1056 2343 quas
1079 2264 1139 2326 llo·

103 2381 183 2441 mani
205 2379 364 2459 Delphicas
386 2399 502 2442 mensas
524 2380 722 2459 appellabant,
755 2385 790 2442 ul
810 2399 984 2444 marmoree
1006 2401 1053 2462 ap.
1076 2382 1139 2448 Cic.

102 2497 190 2560 Verr.
212 2497 263 2577 lV,
276 2493 329 2577 59,
342 2495 415 2577 131,
438 2517 537 2561 aeneo
560 2500 590 2560 in
613 2499 807 2576 inscriptione
828 2517 874 2577 ep.
896 2497 982 2562 Grul.
1004 2517 1033 2578 p.
1047 2496 1139 2564 1115.

459 2697 491 2762 4.
532 2699 778 2783 Χντρόπονς.

187 2852 356 2929 Ulaennm,
379 2851 430 2913 ubi
453 2853 513 2930 igni
536 2853 752 2914 admovendum
773 2856 850 2928 erat,
873 2854 982 2932 tripodi
1005 2855 1139 2935 impone-

101 2971 200 3050 batur,
223 2973 264 3034 its
285 2972 353 3033 ollae
374 2973 465 3032 eliam
486 2971 576 3034 simili
591 2973 789 3033 instrumento
803 2990 892 3051 supra
907 2975 1005 3050 ignem
1018 2981 1139 3037 susten·

102 3088 253 3150 labantur.
295 3090 376 3152 Talis
399 3089 573 3173 χντρόπονς
600 3091 657 3152 iam
679 3089 716 3150 ab
737 3089 869 3152 llesindo
890 3073 1139 3154 commemoratur

102 3205 163 3287 Op.
181 3202 261 3270 748:

186 3321 262 3409 μηδ’
282 3322 349 3391 a'rrd
370 3325 572 3409 χυτροπόδων
594 3319 828 3409 ἄνεπιρρέκτων
850 3319 1010 3390 ἀνελόντα

187 3441 301 3510 ἔσθειν
321 3442 401 3528 μηδὲ
422 3443 572 3508 λόεσθαι·
599 3441 670 3508 ἐπεὶ
691 3446 745 3506 καὶ
766 3454 830 3519 τοϊς
851 3441 899 3508 ἔνι
919 3447 1025 3527 crolup,

101 3562 155 3622 ubi
188 3568 276 3642 poeta
311 3565 460 3642 praecipit,
495 3582 568 3623 neve
596 3563 680 3623 cibus
707 3565 867 3640 coquatur,
902 3581 975 3622 neve
997 3581 1073 3640 aqua
1099 3563 1135 3624 ad

99 3680 258 3741 lavandum
280 3681 395 3742 calefiat
417 3684 447 3742 in
470 3681 578 3759 loculo,
601 3699 660 3759 quo
683 3697 740 3740 uon
764 3681 847 3759 prius
869 3680 905 3740 ad
928 3680 1056 3740 divinam
1073 3699 1136 3741 rem

100 3799 164 3858 sint
178 3800 234 3858 usi.
267 3798 340 3860 Erat
361 3800 419 3860 hoc
441 3817 548 3860 nomen
561 3801 651 3858 etiam
666 3796 856 3858 inferioribus
868 3797 1050 3876 temporibus
1072 3798 1136 3860 vul-

99 3918 303 3994 gatissimum,
336 3922 370 3978 ut
395 3919 474 3978 inter
501 3917 558 3978 alia
579 3917 687 3978 docent
708 3917 765 3977 loci
787 3915 916 3976 Pollucis
939 3915 986 3994 X,
1014 3911 1073 3999 99,
1106 3923 1137 3978 et

99 4032 213 4094 Scholl.
237 4035 275 4096 ad
296 4034 348 4096 llr.
371 4034 440 4098 Pac.
461 4030 543 4114 893,
566 4034 622 4096 Av.
645 4029 725 4109 436,
755 4033 832 4096 Plut.
854 4029 934 4114 815,
959 4033 1031 4096 llan.
1053 4029 1136 4112 5063

101 4169 281 4232 quamquam
304 4154 334 4212 in
356 4153 414 4213 boc
436 4151 501 4214 loco
524 4152 718 4232 interpolator
741 4155 931 4230 antiquorum
954 4151 1135 4213 scholiorum
1197 4141 1201 4148 ’

919 4270 936 4316 r
