2906 4716
663 237 706 303 25

566 327 729 338 *ψῃ-..ψ
746 329 792 336 ——a-

159 448 263 525 neunt,
286 445 366 506 clere
388 445 546 523 appareat,
579 443 650 522 quid
673 444 703 504 in
721 435 844 522 ⁴quaque
867 461 899 504 re
920 445 960 506 sit
981 449 1106 528 certum,
1129 446 1201 524 quid

157 564 318 626 incertum.
372 562 430 624 llio
451 581 544 641 quum
566 563 685 624 meximi
707 563 849 626 momenti
872 565 919 624 est
941 563 1056 644 videre,
1089 569 1200 643 quauta

159 683 270 760 cuique
284 682 477 760 antiquorum
492 681 672 758 scriptorum
686 679 760 741 iides
782 681 939 758 tribuenda
960 683 1010 762 sit,
1033 683 1070 744 de
1091 683 1198 746 horum

160 800 289 864 lentium
311 805 417 862 ustura
439 799 568 861 breviter
590 797 748 860 dicendum
770 803 825 860 esi.

248 918 348 980 Primo
377 919 442 980 loco
472 918 643 978 nominandi
670 925 741 980 suut
769 920 789 978 ii
818 919 996 1000 scriptores,
1037 922 1089 999 qui
1118 937 1199 1002 vasa,

159 1055 219 1099 oon
241 1039 360 1120 docent,
393 1036 604 1117 queruntur,
637 1035 741 1130 sedin
764 1037 829 1116 ipso
851 1039 919 1098 uite
942 1057 998 1100 usu
1021 1057 1200 1101 commemo·

161 1160 246 1237 rurit3
285 1157 449 1233 incorrupti
473 1155 516 1215 illi
538 1155 720 1233 minimeque
741 1153 860 1216 fallaces
882 1161 985 1238 testes,
1008 1159 1096 1218 modo
1118 1175 1199 1218 sem-

159 1291 215 1352 per
236 1273 315 1336 clara
336 1289 410 1336 rcce
431 1272 634 1352 loquerentur.
683 1271 795 1336 [lorum
824 1255 914 1352 longe¹
938 1277 1200 1355 prestantissimus

160 1396 208 1454 eet
240 1385 459 1470 Aristdplrooes.
523 1390 693 1454 Secundum
731 1393 830 1454 locum
868 1393 1004 1454 obtinent
1035 1371 1200 1474 iragmeuta

159 1512 344 1598 comicorum
365 1510 444 1588 apud
466 1508 654 1574 Athenaeum.
709 1509 827 1590 Reliqui
850 1513 1014 1590 scriptores
1036 1513 1128 1578 Attici
1150 1513 1200 1574 vix

159 1628 279 1707 singula
301 1627 501 1708 suppeditant.
544 1624 668 1688 Maioris
696 1631 837 1690 momenti
859 1635 905 1690 est
926 1629 1107 1710 Hippolocbi
1134 1631 1200 1709 epi·
1307 1715 1309 1726 Ι

158 1745 237 1808 stola
266 1746 303 1808 de
331 1743 438 1808 Coroni
466 1746 579 1824 nuptiis
606 1746 684 1824 apud
711 1747 821 1808 Athen.
850 1747 909 1828 lv,
944 1767 972 1828 p.
995 1743 1059 1810 128
1080 1766 1146 1827 sqq.
1168 1753 1200 1809 et

161 1863 302 1928 Collixini
323 1864 484 1942 descriptio
507 1881 621 1944 pompae
643 1863 795 1926 Ptolemaei
818 1863 1003 1946 Philadelphi
1025 1867 1103 1944 apud
1125 1883 1201 1926 eun·

110 2001 116 2008 ·
158 1982 229 2044 dem
244 1981 280 2061 V,
303 1999 333 2060 p.
348 1977 409 2042 196
421 1999 498 2062 sqq„
531 1979 576 2042 Ne
599 1984 778 2060 posteriores
801 1983 920 2062 quidem
942 1985 1112 2064 spernendi,
1135 2001 1198 2046 mu·

157 2102 240 2161 xime
267 2099 383 2179 Latini,
417 2100 469 2178 qui
497 2115 566 2185 cum
594 2099 697 2162 Graeco
725 2102 806 2164 cultu
836 2104 925 2164 etium
954 2101 1056 2164 Graeca
1079 2103 1200 2164 numina

158 2223 369 2298 susceperuut.

196 2417 200 2422 .
247 2335 403 2400 Secundus
424 2335 490 2398 fons
512 2340 560 2397 est
579 2339 851 2420 grammaticorum,
887 2343 947 2402 taur
972 2341 1101 2419 puritate
1123 2337 1200 2399 inie-

158 2457 238 2538 rior,
260 2474 348 2535 quam
370 2456 453 2516 aditu
474 2454 607 2534 lacilior‚
641 2461 675 2518 ut
703 2456 752 2518 hic
775 2473 891 2518 summa
912 2459 1011 2518 cautio
1033 2457 1199 2518 adhibenda

158 2578 212 2638 sit.
255 2575 354 2636 Prima
384 2578 483 2636 autem
513 2576 613 2636 cautio
643 2574 706 2636 brec
734 2579 797 2657 est,
832 2593 869 2637 ne
891 2593 993 2636 omnes
1016 2575 1200 2652 grammatici

161 2711 225 2754 uuo
247 2693 311 2754 loco
333 2692 511 2755 habeantur.

247 2809 388 2899 Princeps
410 2811 542 2872 omnium
564 2815 611 2872 est
631 2808 729 2874 Julius
741 2810 860 2892 eoum,
883 2814 1024 2890 magister
1046 2809 1200 2872 Commodi

159 2928 370 3021 imperatoris3
407 2930 458 3006 qui
481 2927 697 2991 Onomasticcn
720 2931 886 3010 composuit
908 2930 1051 2992 uberrimi
1074 2928 1198 3006 hucine,

158 3049 208 3108 eir
230 3047 466 3107 permediocris
488 3045 631 3107 doctrine
652 3052 683 3109 et
704 3049 768 3109 sani
790 3047 904 3126 iudicii,
927 3050 978 3126 qui
996 3047 1131 3126 quamvis
1153 3045 1199 3104 di·

161 3166 285 3226 strictus
318 3164 384 3225 eliis
417 3165 545 3242 negotiis
579 3168 623 3237 (v.
655 3163 738 3244 proci.
774 3165 841 3227 libr.
874 3163 954 3238 Vlll)
988 3181 1046 3224 nou
1079 3179 1200 3240 parvam

164 3288 262 3344 tumen
285 3283 356 3344 huic
378 3283 461 3361 operi
484 3299 585 3343 curam
608 3283 768 3364 impendit3
792 3301 859 3344 uam
880 3282 972 3361 probe
993 3281 1118 3358 viderat,
1140 3279 1201 3340 cri-

162 3401 216 3461 tici
238 3419 315 3480 esse,
338 3400 393 3462 sibi
417 3402 516 3479 ipsum
539 3400 676 3480 credere,
698 3418 754 3461 neo
774 3402 804 3462 iu
827 3401 953 3464 eliorum
974 3400 1065 3460 verba
1087 3403 1201 3460 temere

162 3519 279 3596 iurare,
307 3519 371 3596 vel,
405 3529 439 3579 ut
461 3519 556 3598 ipsius
578 3522 647 3578 utar
667 3517 766 3579 verbis
788 3535 825 3578 er
847 3487 1107 3597 prelatione-libri
1129 3533 1201 3593 sep-

162 3637 244 3715 timi,
276 3642 417 3715 oportere
444 3630 615 3717 ἀκρίβειαν
643 3656 715 3698 τινα
743 3631 797 3698 ἐπὶ
822 3639 877 3719 νῆς
905 3638 1010 3720 ψυχῆς
1043 3631 1128 3716 ἔχειν
1155 3634 1202 3711 εἰς

159 3753 310 3836 βασάνου
341 3757 451 3838 κρίσιν.
511 3751 613 3817 rhode
645 3756 788 3828 εἴνατον,
821 3755 940 3835 inquit,
980 3748 1055 3818 οὐδὲ
1078 3755 1200 3834 ὀννερ-

161 3867 225 3952 γὸν
258 3869 420 3954 ἐδυνάμην
451 3865 502 3935 ἐπ’
534 3865 616 3934 αὐτὰ
643 3867 851 3952 παραλαβεῖν
876 3866 1002 3936 οὐδένα·
1034 3867 1106 3936 οὔτε
1138 3865 1201 3954 γὰρ

161 3989 250 4072 εἶχον
270 3987 335 4076 ὅτῳ
356 3987 557 4071 πιστεύσαιμι
584 3984 715 4060 ἐοικότι,
747 3988 804 4050 καὶ
829 3987 896 4052 ἔδει
924 3990 1053 4063 πάντας
1079 3985 1201 4074 ἑκάστῳ

161 4081 332 4189 προοετναν
354 4104 388 4172 τὸ
412 4105 483 4188 dpct
503 4103 627 4172 δοκοῦν.
650 4103 803 4164 Pertineni
825 4105 861 4168 ad
885 4110 1017 4168 nostram
1032 4123 1094 4166 rem
1109 4121 1201 4182 quum
