2906 4716
733 227 779 293 w

645 313 874 332 ——Q-

327 433 405 496 oue
426 435 546 512 proprie
567 451 604 494 ex
631 433 734 510 argilla
762 433 882 496 iiebant.
921 431 1070 513 Olympios
1098 435 1220 513 quidem
1250 437 1281 495 in

243 551 353 632 tempto
379 553 506 614 iunonis
538 552 693 612 dedicatus
726 556 791 612 eret
824 547 980 634 οἷρχορούς
1009 550 1120 636 χύτρος
1141 562 1184 625 (v.
1206 553 1280 614 Δία.

243 670 299 750 xi,
309 665 384 752 480,
396 675 443 749 a),
454 669 624 749 Cniuusquo
634 673 736 730 orator
746 687 793 748 ap.
804 669 881 731 Piin.
892 669 931 732 Η.
943 669 980 732 Ν.
992 670 1135 747 xxxiii,
1145 666 1200 748 49,
1216 666 1282 732 140

243 807 312 850 rasa
334 791 506 868 coquinaria
528 807 565 850 ex
586 793 710 866 argento
724 787 788 850 fieri
804 789 945 870 quiritat3
966 789 1020 850 sed
1035 789 1107 850 iliud
1123 791 1164 850 ita
1179 790 1280 867 legiti-

242 925 323 968 mum
345 907 417 987 init,
450 912 485 968 ut
506 925 563 968 ror
581 904 697 988 χύτρας
717 911 749 968 et
771 925 838 986 que
865 907 934 966 inde
963 907 1094 968 derivata
1121 911 1192 966 sunt
1224 925 1281 984 pro

243 1029 381 1088 universo
396 1027 532 1088 fictilium
545 1042 684 1086 vasorum
699 1041 808 1102 genere
829 1025 888 1086 diei
909 1027 1071 1103 potuerint.
1102 1022 1226 1106 Χύτραι
1249 1026 1280 1084 in

242 1145 307 1206 ioro
335 1145 474 1206 venibant
503 1148 548 1223 (ι.
576 1161 659 1222 supr.
688 1161 717 1222 p.
740 1139 814 1222 16);
846 1143 985 1226 χύτρτιος
1004 1142 1152 1222 πάταγος
1173 1144 1203 1202 in
1227 1142 1280 1204 Ar.

242 1264 313 1342 Lys.
342 1259 408 1323 329
434 1265 544 1324 dieitur
572 1263 610 1322 de
638 1263 767 1341 strepitu
795 1279 938 1323 urnarum
964 1263 1001 1322 ad
1030 1261 1141 1323 iontem
1170 1259 1280 1322 irrota-

242 1395 326 1459 ουτος
358 1381 396 1443 ei.
419 1381 496 1442 Nub.
518 1375 619 1442 1474:
647 1381 734 1462 οἴμοι
755 1375 894 1460 oreiam,
922 1378 975 1446 ὅτε
1001 1384 1056 1444 καὶ
1077 1384 1112 1443 σὲ
1131 1379 1282 1462 χυτρεοῦν

241 1495 322 1565 ὄντα
336 1495 421 1564 θεὸν
433 1495 609 1584 ἡγησάμην,
631 1499 668 1559 de
682 1503 813 1560 testaceo
835 1499 923 1560 diuo:
946 1498 1045 1560 Etiam
1066 1498 1148 1576 srguii
1162 1507 1283 1580 χοτρετς

242 1619 394 1692 dicuntur,
417 1637 444 1678 v.
467 1617 543 1680 Piat.
565 1617 640 1695 Rep.
664 1617 722 1696 w,
745 1612 820 1698 421,
843 1619 886 1698 D3
909 1617 1022 1680 Tbeaet.
1044 1611 1116 1696 147,
1139 1633 1174 1698 ¹3
1196 1617 1282 1677 simi·

242 1735 312 1797 iiter
330 1735 572 1819 χιπροπλύθος,
592 1735 801 1818 χοτροπούλης,
824 1736 890 1797 alia.

328 1853 405 1932 Quae
427 1857 488 1934 igni
513 1855 687 1934 imponenda
710 1859 812 1933 erant,
845 1854 929 1914 rudis
959 1852 1134 1932 pierumque
1156 1857 1188 1913 et
1208 1852 1284 1913 sim·

243 1972 330 2050 piieis
352 1975 451 2050 operis
473 1977 574 2050 erant,
597 1991 651 2033 neo
675 1974 753 2050 typis
777 1989 830 2033 nee
854 1971 1002 2033 coloribus
1024 1977 1154 2051 ornatoe,
1176 1975 1283 2050 utpote

243 2107 310 2168 quae
342 2089 423 2149 brevi
458 2089 580 2168 iuligine
613 2089 711 2150 iorent
733 2091 906 2152 obseuraiae.
964 2088 1066 2167 Quare
1088 2089 1282 2169 proverbium
1353 2115 1359 2125 ·

242 2209 308 2267 erat
334 2206 371 2267 de
400 2203 514 2268 summa
543 2209 643 2286 inopia
663 2206 765 2290 μηδὲν
785 2207 870 2290 ἔχειν
890 2207 972 2272 ἄλλο
993 2208 1014 2291 ἢ
1031 2207 1147 2289 χύτρας
1168 2201 1283 2290 δμῳα-

243 2322 316 2400 λούς
337 2329 389 2386 aut
410 2328 514 2390 πίθου
535 2323 653 2401 πόδας,
676 2345 803 2406 quorum
824 2333 951 2406 utroque
974 2343 1119 2404 nusquam
1141 2330 1213 2387 suot
1234 2326 1282 2403 (r.

241 2443 342 2506 Seboi.
365 2445 402 2505 ad
414 2444 465 2504 Ar.
478 2445 533 2505 Ar.
547 2437 639 2524 798),
661 2451 693 2506 et
721 2446 759 2506 de
786 2463 876 2523 opera
899 2463 1022 2524 prorsus
1043 2445 1141 2506 inutili
1162 2444 1284 2526 χύτραν

241 2561 421 2628 ποικίλλειν
448 2581 475 2624 v.
505 2562 603 2625 Schoi.
631 2565 670 2624 ad
702 2563 792 2642 Vesp.
814 2559 889 2626 279.
942 2563 1000 2625 Sed
1029 2563 1086 2624 boe
1113 2563 1144 2622 in
1173 2563 1282 2623 euiiuae

244 2697 318 2758 usu3
352 2699 419 2758 quse
439 2683 551 2742 mensis
574 2683 758 2761 imponenda
780 2687 866 2742 erant
886 2681 971 2762 orte,
994 2697 1054 2742 non
1075 2679 1169 2759 magis
1191 2698 1282 2759 quam

243 2802 342 2858 cetera
365 2815 434 2858 vasa
456 2801 639 2860 ornamentis
661 2817 763 2860 carere
784 2803 933 2879 poterant.

328 2915 373 2976 De
394 2917 493 2993 specie
515 2915 583 2977 oliae
605 2933 664 2978 non
687 2915 780 2978 muita
802 2915 992 2998 abantiquis
1015 2913 1183 2978 traduntur.
1211 2915 1283 2976 Le·

242 3033 339 3109 gimus
360 3051 409 3111 ap.
434 3031 582 3096 Pollucem
606 3034 661 3118 Vl,
690 3030 751 3113 97,
785 3037 897 3112 tumida
925 3037 1018 3097 latera
1040 3034 1193 3116 ἄμβωνας
1215 3051 1283 3094 esso

243 3155 361 3232 voeata3
384 3158 527 3229 praterea
549 3153 615 3214 oiiis
637 3155 703 3215 dure
725 3171 814 3214 aures
837 3160 939 3232 erant3
963 3171 1029 3214 nam
1041 3151 1159 3234 χύτραν
1173 3152 1282 3234 φιλεῖν

243 3269 412 3347 dicebatur,
442 3271 467 3330 si
501 3272 569 3348 quis
597 3272 821 3350 comprehensis
846 3273 970 3333 alterius
997 3271 1119 3332 auribus
1141 3269 1280 3351 basiaret,

242 3403 271 3447 r.
286 3385 360 3447 ΡοΙΙ.
375 3387 416 3464 Χ,
440 3384 503 3447 100
523 3394 554 3448 et
575 3389 747 3451 Hemsterb.
770 3390 806 3450 ad
830 3390 859 3450 ir.
882 3389 902 3451 i.
935 3389 1036 3464 Quare
1057 3393 1091 3450 ut
1112 3405 1220 3448 nomen
1243 3387 1280 3448 ad

157 3503 164 3518 '
242 3503 322 3566 huno
343 3505 421 3566 diem
445 3505 625 3580 interitaios
641 3510 814 3589 permansit,
839 3510 880 3568 ita
895 3525 931 3566 ne
949 3509 1080 3585 speeiem
1091 3507 1214 3584 quidem
1228 3506 1281 3566 ad-

243 3624 362 3684 modum
376 3629 518 3686 mutatam
535 3641 602 3686 erse
617 3626 753 3687 arbitror.
783 3625 847 3687 Nee
864 3627 972 3686 desunt
993 3625 1126 3703 exempla
1148 3625 1280 3702 antiqua.

326 3740 436 3802 Minore
455 3744 556 3823 igitur,
578 3741 764 3805 Gerhardum
776 3743 850 3824 linp.
863 3743 945 3804 Vnie.
958 3761 1007 3804 nn.
1018 3737 1147 3802 56-58
1158 3741 1281 3820 pateiias

242 3862 272 3918 et
292 3858 409 3918 arculas
431 3862 573 3936 quasdam
596 3861 769 3940 ehytrarum
799 3863 918 3922 nomine
944 3861 1117 3939 signavisse.
1150 3859 1280 3922 Panoiira

243 3975 336 4036 Reeh.
360 3972 395 4052 1,
427 3971 471 4038 28
498 3979 592 4038 multo
620 3981 744 4058 propius
765 3998 783 4040 a
804 3998 874 4041 vero
896 3980 1000 4041 abesse
1021 3979 1149 4040 videtur.
1205 3977 1279 4038 biibi
1313 4027 1316 4034 ,

242 4094 362 4172 quidem
391 4112 509 4172 semper
536 4095 595 4156 oiia
624 4113 690 4156 eum
718 4097 819 4158 lasano
848 4099 943 4158 visum
966 4102 1012 4157 esi
1034 4115 1084 4157 vas
1108 4096 1181 4158 iliud
1202 4096 1280 4174 quod
