2906 4716
212 184 236 278 ⁶.
637 219 671 282 lt

114 423 220 486 iudice
243 423 432 487 Lectionum
453 423 687 486 berolinensium
712 415 881 486 1831-32
901 443 930 504 p.
952 421 989 499 3)
1014 429 1105 506 petit,
1140 433 1172 490 ut

113 541 172 603 sibi
196 540 296 603 liceat
320 559 397 604 novo
420 543 537 606 nomine
558 541 723 620 praemiaria
744 541 854 606 dicere.
899 543 1012 606 Vereor
1027 561 1109 620 sane,
1134 563 1171 608 ne

114 676 174 720 non
199 663 268 722 tam
295 679 414 740 nomen,
438 679 526 740 quam
548 678 596 720 res
618 659 682 738 ipsa
704 675 777 720 nora
800 665 831 722 et
852 662 984 724 inaudita
1001 664 1049 724 sit.
1096 662 1171 724 Nam

113 777 196 854 apud
209 777 386 840 Homerum
409 750 536 858 quidem⁸
553 795 610 838 una
633 795 701 838 cum
722 779 827 857 servis,
850 797 915 840 cum
937 782 1064 858 pecunia
1087 781 1171 842 aliis·

116 913 176 972 quc
206 896 311 957 rebus
342 898 477 958 videmus
508 896 597 956 ctiam
626 913 696 956 vasa
722 897 853 973 proboso
881 915 947 958 esse
975 900 1171 960 certaminum

116 1014 237 1093 pretia3
287 1021 394 1094 postea
422 1031 493 1074 vcro
525 1013 617 1090 gioria
645 1014 710 1092 ipsa
732 1015 862 1074 victorie
884 1019 915 1076 ct
935 1015 1032 1078 honor
1053 1034 1170 1078 coronae

80 1103 85 1118 ’
117 1132 194 1194 sctis
217 1133 342 1214 praenrii
363 1131 458 1193 iuisse
479 1133 607 1194 videtur.
640 1129 674 1192 ln
692 1130 920 1194 Panathenaicis
941 1138 1085 1212 praeterea
1107 1111 1170 1196 me·

117 1251 215 1308 tretes
248 1250 313 1310 olei
340 1268 376 1312 ex
404 1251 497 1311 sacris
526 1249 596 1310 Deae
625 1249 780 1312 arboribus
810 1251 975 1314 donabatur
997 1252 1168 1316 victoribus.

120 1363 201 1443 Quis
216 1385 283 1428 non
299 1369 389 1447 videt,
412 1387 481 1430 vase
494 1369 593 1430 olcum
615 1347 1095 1450 contineretur,mareschiae;
1115 1371 1168 1432 sed

119 1485 223 1548 oleum
235 1487 397 1565 praemium
409 1485 473 1564 tuit,
486 1503 543 1546 neu
556 1503 617 1548 ras.
641 1484 747 1564 (Quod
760 1487 872 1564 primus
884 1488 1167 1552 docuitBrondsted:

33 1599 36 1610 ¹
119 1600 168 1662 0n
192 1602 402 1667 Panathenaic
423 1621 508 1676 pares
530 1605 560 1664 in
583 1603 793 1665 Transactions
815 1604 848 1664 oi
867 1605 918 1669 the
931 1605 1024 1685 Royal
1037 1605 1168 1687 society,

115 1721 180 1782 eoi.
204 1720 255 1802 il,
281 1741 311 1802 p.
335 1716 421 1792 133).
467 1720 544 1782 Vasa
574 1726 659 1782 crant
680 1723 831 1799 amphorae
852 1723 903 1784 iilo
926 1728 1058 1801 tempore
1080 1725 1168 1802 vulgo

121 1843 292 1919 usurpatas,
305 1839 413 1900 fictiles
426 1843 456 1898 et
466 1840 565 1922 pictoe,
577 1856 653 1918 quas
665 1844 876 1915 commemorat
888 1839 1033 1902 Pindarus
1045 1842 1074 1900 in
1082 1839 1166 1902 Nem.

122 1953 162 2030 X,
185 1951 249 2020 35:
285 1961 365 2039 γαίᾳ
391 1955 429 2020 dd
460 1960 621 2039 καυθείσᾳ
652 1959 726 2040 πυρὶ
756 1953 881 2040 καρπὸς
913 1955 1026 2033 ἐλαίας
1053 1955 1169 2040 ἔμολεν

118 2069 226 2157 Ἥρας
253 2071 312 2142 τὸν
334 2070 476 2159 εὐάνορα
498 2071 581 2142 λαὸν
602 2073 638 2140 ἓν
657 2071 782 2155 ἀγγέων
794 2078 917 2158 ἕρκεσιν
929 2077 1168 2160 παμποικίλοις.

123 2189 186 2254 Nec
198 2195 332 2256 dubitari
346 2197 457 2272 potest,
480 2195 551 2272 quin
564 2195 637 2256 tales
652 2195 713 2256 sint
726 2183 886 2274 amphorae
898 2195 976 2274 illae,
999 2213 1124 2273 quarum
1136 2197 1166 2256 in

125 2309 220 2372 attera
242 2317 330 2391 parte
352 2313 535 2391 conspicitur
556 2311 689 2374 Minerva
712 2332 779 2374 cum
801 2314 888 2374 hasta
909 2317 940 2372 et
972 2313 1084 2391 clipeo,
1114 2314 1168 2374 ad·

126 2429 248 2506 scriptis
271 2430 379 2490 litteris
392 2430 464 2506 Ιτῶν
483 2427 673 2514 Ἀθήνηθεν
695 2425 854 2508 ἆθλον*),
876 2448 987 2507 casque
1003 2435 1082 2490 recte
1094 2435 1167 2508 puto

126 2550 229 2608 vocari
249 2547 495 2628 Panathenaicas,
517 2567 696 2627 quamquam
718 2549 899 2610 hocnomen
922 2547 1012 2608 latius
1034 2549 1167 2626 patuisse

129 2665 265 2748 videtur3
301 2685 367 2728 nam
390 2669 419 2728 in
442 2667 641 2745 descriptione
662 2685 778 2746 pompae
803 2666 952 2728 Bacchicae
974 2667 1051 2745 apud
1073 2665 1168 2726 Athe-

128 2799 225 2845 uacum
249 2783 301 2866 (V,
322 2803 354 2863 p.
377 2781 454 2866 199,
479 2787 527 2866 d),
551 2786 629 2845 unde
652 2803 757 2846 nomen
781 2790 932 2866 sumptum
955 2789 1011 2865 est,
1034 2788 1166 2866 apparet,

128 2916 185 2960 non
207 2903 279 2982 eici,
303 2903 358 2984 scd
377 2904 440 2964 rini
462 2901 618 2982 amphoras
641 2877 874 2966 commemorari.
914 2903 1040 2983 Scripsit
1061 2905 1098 2964 de
1120 2904 1167 2964 his

127 3021 206 3080 vasis
240 3024 349 3099 praeter
382 3020 611 3082 Broudstcdium
638 3018 808 3082 Gerhardus
841 3023 870 3080 in
898 3022 1004 3085 Arnai.
1034 3015 1167 3082 instituti

107 3107 257 3206 'noman
278 3139 337 3210 vn.
358 3135 404 3219 u,
426 3157 458 3218 p.
478 3133 645 3217 seo-aa
679 3139 715 3200 u.
738 3138 821 3200 non.
842 3138 923 3199 rnen.
948 3138 1006 3200 aa.
1029 3133 1166 3198 21-22.

130 3249 192 3316 Hoc
203 3257 271 3318 loco
284 3257 355 3317 illud
369 3260 485 3316 tantum
497 3243 803 3336 commemorabimus,
820 3273 909 3316 unam
920 3255 1008 3316 modo
1020 3255 1167 3316 eiusmodi

130 3375 302 3452 amphoram
329 3373 456 3436 Athenis
485 3377 634 3436 inventam
661 3392 728 3435 esso
756 3381 797 3446 (v.
820 3373 972 3452 Mittingen
995 3373 1052 3436 Un.
1074 3372 1117 3435 M.
1142 3373 1166 3454 1,

130 3491 187 3554 tab.
210 3487 307 3566 1-9.
329 3491 437 3554 Mulier
452 3492 579 3553 Denkm.
601 3491 628 3571 l,
649 3511 678 3556 n.
692 3489 762 3570 91),
784 3511 874 3554 unam
895 3492 1060 3570 Agrigenti,
1084 3496 1166 3552 cetc-

131 3625 177 3670 ras
208 3611 248 3674 ad
281 3611 475 3690 quadraginta
502 3627 627 3672 numero
656 3611 758 3672 Volcis
786 3614 817 3671 et
845 3608 943 3690 Notae,
976 3608 1055 3670 unde
1088 3608 1165 3671 citici
1257 3597 1277 3608 ’

152 3923 177 3991 *)
194 3929 277 3990 Vulgo
300 3928 387 3991 tegunt
413 3927 516 3983 ἄθλων.
561 3927 673 3980 Omnino
697 3932 747 3978 tam
773 3929 862 3978 multis
884 3929 969 3984 modis
993 3935 1088 3979 versata
1107 3935 1167 3978 sunt

197 4015 250 4064 hacc
269 4013 356 4079 verba,
384 4019 412 4066 ut
430 4027 491 4065 sane
509 4016 646 4078 miremur,
673 4015 802 4064 neminem
821 4013 847 4062 in
867 4013 913 4063 hoc
932 4013 1069 4078 incidisse,
1097 4015 1165 4074 qued

196 4097 313 4148 emnium
331 4097 482 4152 iacittimnm
500 4099 608 4152 ridetur.
648 4097 713 4150 itiihi
731 4098 842 4150 ostendit
858 4097 1009 4160 Madvigius.
