2906 4716
791 253 836 322 38

701 342 932 352 m·—

299 458 352 518 Ar.
375 455 453 520 Nub.
477 450 572 538 1237,
594 457 644 521 ubi
667 453 763 532 ἀσκός
784 460 946 538 opponitur
967 466 998 522 et
1018 463 1147 548 κἐροίμρ
1168 471 1200 527 et
1218 464 1339 550 peilam.

302 573 390 652 Quod
413 578 512 636 antem
534 595 581 655 ap.
604 575 788 656 Hesychinm
810 577 934 654 legitur:
968 574 1076 656 ἀσκός·
1097 577 1225 666 ὑδρεία,
1249 586 1280 644 in
1302 602 1341 644 eo

300 709 373 754 sane
407 692 481 752 nihil
510 693 604 768 inest,
644 695 702 754 nisi
731 696 991 772 grammaticorum
1022 701 1087 760 ritu
1118 665 1244 762 tractata
1276 701 1341 761 llo-

300 812 375 871 meri
398 810 448 871 illa
470 829 506 872 en
524 810 583 875 Od.
605 835 640 891 ε,
671 807 752 875 266:
786 814 895 896 ἕτερον
923 811 954 878 δ’
977 815 1125 894 adama«
1156 817 1258 879 Nihilo
1277 821 1339 880 nai·

301 947 357 991 nus
386 947 478 1008 quum
511 929 663 1010 epiohysip
696 931 845 1010 quandam
877 932 1018 995 oleariam
1050 941 1173 1015 proptor
1206 938 1337 1016 aliquam

300 1049 525 1110 similitudinem
553 1050 630 1110 utris
660 1049 753 1110 “vaso
780 1068 798 1111 a
826 1054 908 1112 otre”
930 1052 1129 1132 appellassent
1149 1053 1217 1114 ltali
1239 1055 1338 1118 homi-

302 1183 370 1244 nes,
398 1167 522 1227 eandem
544 1162 647 1232 α’σκόν
668 1167 856 1246 appellarunt
877 1167 950 1230 Pan.
973 1169 1016 1246 11,
1043 1165 1087 1230 43
1108 1175 1139 1232 et
1160 1170 1251 1233 Gerh.
1275 1171 1337 1234 Ult.

302 1285 365 1345 llio.
388 1303 439 1370 nn.
461 1280 506 1346 40
526 1279 629 1346 eall.
665 1283 796 1346 Panollra
814 1287 904 1348 etiam
926 1287 1025 1348 simile
1045 1306 1096 1350 vas
1118 1292 1235 1351 vocavit
1255 1285 1339 1354 ἐπά-

301 1418 400 1477 σκιον,
421 1421 450 1464 n.
471 1395 525 1482 44,
558 1403 629 1480 qnia
650 1401 817 1482 Hesychius
840 1405 897 1466 hoo
919 1406 998 1485 apud
1021 1405 1137 1468 Siculos
1159 1407 1338 1469 infundibuli

302 1537 409 1580 nomen
432 1518 524 1580 luisse
546 1520 628 1582 dicit.
672 1520 730 1582 Sed
760 1521 824 1582 haee
846 1524 920 1584 satis
942 1523 1082 1586 refutavit
1103 1525 1286 1588 Letronnius
1308 1527 1338 1588 in

201 1629 203 1634 ’
302 1637 462 1716 Ephamer.
483 1637 601 1700 Erudit.
624 1632 720 1712 1833,
741 1658 772 1717 p.
794 1634 859 1701 684
881 1646 953 1719 not,
974 1646 1005 1702 et
1028 1637 1127 1722 1837,
1150 1663 1179 1722 p.
1201 1638 1274 1704 749.

660 1888 693 1951 9.
740 1891 971 1976 Οἰνοφόρος

303 2043 421 2122 proprie
450 2041 630 2104 adiectivnm
657 2047 704 2103 est
731 2043 900 2122 significans
927 2046 1007 2124 quod
1036 2045 1137 2107 vinnm
1166 2047 1265 2127 portat
1286 2051 1340 2108 aut

302 2162 452 2234 eontinet,
486 2163 519 2220 nt
547 2157 674 2238 legimus
701 2162 731 2221 in
759 2159 795 2223 lr.
819 2159 919 2222 Critias
945 2181 995 2242 ap.
1023 2164 1095 2227 Ath.
1119 2163 1165 2243 Χ,
1188 2159 1268 2239 432,
1302 2165 1337 2226 d:

302 2275 478 2362 οἰνοφόρον
507 2276 636 2352 κύλικά,
676 2279 695 2339 1.
727 2297 753 2338 e.
780 2281 842 2340 vini
869 2281 1020 2358 poculum.
1074 2283 1262 2344 Adiectivum
1290 2287 1340 2343 est

302 2398 392 2458 etiam
415 2415 462 2476 ap.
485 2395 661 2478 Pollue.Vl,
685 2391 736 2472 14,
759 2401 790 2458 et
810 2397 972 2459 Herodian.
990 2397 1069 2478 11111,
1091 2395 1123 2477 4,
1146 2397 1178 2481 4,
1202 2401 1253 2478 qui
1276 2404 1340 2460 tra-

302 2495 364 2594 dit,
398 2514 572 2594 Maximum,
599 2533 691 2594 quum
712 2515 867 2594 Aquileias
889 2521 1091 2597 oppugnaret,
1125 2536 1179 2578 neo
1199 2517 1338 2594 haberet,

302 2652 362 2712 quo
385 2639 506 2712 pontem
529 2632 651 2713 laceret,
674 2638 895 2714 peropportune
918 2637 947 2694 in
966 2653 1037 2714 agro
1059 2637 1208 2697 invenisse
1228 2632 1339 2700 πολλὰ

302 2746 381 2818 κενὰ
402 2751 562 2834 οἶνοφόρα
583 2749 675 2834 σκεύη
696 2752 886 2834 περιφεροῦς
908 2735 1015 2832 ξύλου(
1050 2753 1108 2814 Sed
1130 2755 1252 2834 ponitur
1272 2754 1339 2814 lraeo

303 2849 359 2928 vox
380 2871 471 2930 etiam
493 2869 678 2930 substantivo
700 2874 730 2930 et
751 2874 797 2930 esi
818 2889 924 2931 nomon
947 2873 1020 2933 certi
1044 2873 1131 2947 uasis,
1155 2890 1215 2950 quo
1234 2874 1263 2932 in
1286 2873 1339 2932 iti-

303 2985 425 3048 neribus
447 3003 518 3048 usos
540 2988 673 3047 videmus
695 3005 743 3066 ap.
766 2987 871 3051 Horat.
893 2988 955 3052 Sat.
979 2989 1011 3068 1,
1040 2985 1079 3070 6,
1115 2986 1176 3050 109
1198 2993 1229 3049 et
1250 2987 1337 3050 Pers.

303 3101 334 3188 5,
359 3100 428 3166 140.
472 3105 517 3165 Ex
539 3103 646 3166 Lucilii
670 3123 757 3168 versu
781 3125 828 3185 ap.
864 3101 1066 3186 Non.'p.173‚
1089 3125 1155 3170 s.v.
1177 3109 1339 3182 sententia,

301 3229 332 3284 et
354 3221 458 3285 lsidor.
481 3223 559 3304 XX,
581 3220 620 3286 6:
662 3221 825 3286 “Vertitur
845 3223 1007 3303 oenophori
1030 3223 1157 3298 fundus,
1189 3227 1340 3286 sententia

303 3341 415 3421 nobis‚”
437 3347 577 3422 apparot,
599 3359 652 3402 vas
673 3343 733 3403 vini
756 3341 860 3424 luisse,
884 3360 953 3422 non,
976 3349 1010 3404 ut
1030 3341 1118 3420 vulgo
1136 3345 1341 3420 interpretan-

301 3465 361 3540 tur,
385 3461 491 3522 cistam
513 3460 558 3521 vel
575 3459 695 3521 corbem
714 3479 774 3539 quo
795 3462 857 3522 vini
883 3462 1033 3540 amphorae
1050 3465 1248 3540 portarentur.

656 3725 705 3789 10.
745 3725 981 3814 Ἀμφορεύς,
1090 3763 1099 3778 ·

301 3899 390 3960 qnam
424 3881 522 3942 latini
559 3882 729 3962 amplorum
762 3883 916 3960 dixerunt,
948 3849 1098 3946 Homerus
1130 3879 1342 3966 ἅμφιφορὲα,

300 3998 497 4077 vulgatissimi
526 4017 599 4060 usus
627 4005 692 4062 erat
719 4002 756 4062 ad
792 4000 930 4081 liquores
951 4002 1121 4064 condendos
1153 4007 1184 4062 et
1215 3990 1343 4078 portan-

300 4119 369 4196 dos,
393 4117 556 4194 saepissime
577 4120 679 4179 vinum
700 4123 732 4178 et
752 4119 869 4198 oleum,
891 4121 981 4183 etiam
1004 4121 1061 4182 mel
1085 4118 1164 4192 (Cio.
1190 4118 1274 4178 Verr.
1297 4118 1343 4196 11,

733 4389 761 4436 q,
