2902 4704
775 273 836 340 169

287 484 456 560 mansisset,
478 480 582 542 schott.
605 480 656 540 Ar.
680 479 752 558 (ltq.
773 474 848 558 650,
868 473 943 561 906,
967 477 1046 540 Plut.
1070 472 1169 550 1108)
1191 474 1231 540 τὰ
1253 499 1325 560 epo-

286 600 363 680 βλία
385 599 559 678 simpliciter
586 600 819 676 interpretantur
850 591 1010 682 ὀξύβαφα·
1044 597 1187 658 barbarus
1217 599 1320 658 autem

288 717 383 778 schot.
413 717 450 778 art
472 715 547 776 Bau.
569 709 652 778 985:
676 711 711 780 τὸ
739 713 903 789 πινάκιον,
937 710 969 778 oi
991 694 1130 798 δέ’φασι
1166 708 1201 777 cri
1225 712 1324 776 natr-

287 835 410 917 ζάρων.
457 831 647 911 Quamquam
680 834 718 894 de
739 831 832 894 torma
854 833 944 893 huius
965 833 1045 892 rasis
1067 831 1148 892 nulla
1181 831 1239 892 alia
1261 835 1325 892 tra-

287 951 350 1013 dita
381 955 468 1030 sunt,
501 950 634 1012 Panottra
666 955 764 1012 tamea
798 953 893 1029 putat,
926 967 960 1010 se
992 949 1134 1028 tryhtium
1166 951 1326 1011 ostendere

287 1085 376 1148 posse
408 1069 463 1148 (V,
483 1065 569 1142 403:
595 1068 670 1130 Mihi
692 1069 813 1148 quidem
833 1068 891 1129 hoc
923 1068 1062 1146 poculum
1083 1067 1217 1145 ridetur,
1247 1067 1326 1128 catix

289 1187 335 1248 vet
367 1185 549 1267 Thericlius,
582 1191 615 1246 ut
636 1185 689 1269 Ν,
711 1180 770 1264 34,
803 1185 945 1265 tryhtiu'm
976 1186 1109 1266 apertius
1142 1176 1173 1246 et'
1204 1184 1326 1264 planius
1439 1215 1440 1218 κ

288 1303 382 1366 tuisse
401 1305 530 1384 videtur,
552 1303 694 1366 ut-schot.
724 1303 811 1383 Vesp.
832 1297 897 1364 674
916 1299 1079 1368 ἐκπέταλα
1100 1307 1325 1365 commemorat.

662 1501 693 1564 6·
734 1457 962 1588 Ὀξύβαφον.

290 1658 332 1718 ait
354 1655 514 1718 Athenaens
537 1655 604 1735 (xl,
626 1651 701 1735 494,
717 1657 748 1728 b)
778 1673 964 1718 communem
987 1673 1073 1718 usum
1096 1656 1196 1716 dicere
1219 1673 1328 1714 vascu-

289 1776 361 1852 lum,
384 1775 463 1852 quod
485 1777 600 1834 acetum
622 1775 761 1855 recipiat3
795 1773 832 1836 ct.
861 1773 970 1834 Eubuli
997 1771 1033 1835 ir.
1054 1768 1128 1850 494,
1151 1788 1187 1851 c;
1220 1770 1327 1832 Pottux

156 1951 160 1954 .
290 1890 342 1971 Vt,
363 1885 427 1954 85:
449 1887 607 1974 ὀξύβαφα,
638 1889 674 1958 ἐν
706 1888 752 1966 οἷς
773 1885 813 1954 τὰ
843 1887 1009 1974 ἡδύσματα
1030 1890 1051 1976 ἢ
1070 1889 1233 1972 βρώματα.
1287 1890 1328 1950 Et

289 2009 407 2070 ridetur
427 2008 485 2070 hoo
507 2011 635 2088 primum
657 2008 749 2070 tuisse
763 2009 979 2088 inorybaphis,
1002 2013 1036 2068 ut
1046 2009 1126 2068 aeria
1137 2007 1329 2068 condimenta

290 2127 491 2204 continereut3
524 2127 577 2187 sert
607 2145 661 2187 nen
693 2125 788 2188 torma
809 2145 827 2187 a
849 2125 970 2204 poculis.
1000 2126 1126 2187 muttum
1158 2123 1327 2202 abhorruit,

291 2260 345 2304 nec
366 2260 440 2304 usus
462 2258 582 2320 semper
602 2243 749 2303 discretus
762 2242 828 2304 tuit.
871 2243 958 2322 Apud
971 2239 1230 2304 comicosGraecos
1250 2259 1328 2319 oxy-

290 2359 386 2437 bapha
407 2377 529 2438 prorsus
550 2377 605 2438 pro
627 2360 742 2439 poculis
764 2361 918 2422 dicuntur:
956 2361 1015 2420 iam
1037 2359 1174 2422 Cratinus
1196 2358 1330 2441 οἶνηρόν

291 2477 381 2556 dixit3
404 2476 461 2538 alia
483 2477 616 2556 exempta
638 2496 676 2537 ex
698 2476 897 2556 Aristophane
926 2481 957 2537 et
985 2477 1102 2538 Eubulo
1124 2477 1210 2566 affert
1231 2477 1330 2538 Athe·

291 2609 373 2654 neus
394 2592 415 2654 t.
437 2593 458 2654 1.
501 2593 561 2656 Pro
582 2595 735 2656 acetabulo
758 2596 878 2673 ponitur
903 2588 932 2654 in
966 2593 1003 2657 tr.
1025 2593 1166 2656 Platonis·
1179 2613 1226 2673 ap.
1255 2594 1329 2654 Ath.

291 2708 344 2779 Vt,
365 2704 439 2792 929,
463 2709 489 2790 t;
521 2717 552 2772 et
585 2718 630 2773 cst
661 2713 725 2773 hee
750 2712 927 2790 significatio
958 2713 1096 2774 omnibus
1127 2711 1330 2790 grammaticis

292 2797 454 2890 notissima.

375 2942 517 3025 Fuerunt,
540 2949 574 3006 nt
596 2950 691 3008 omnis
713 2967 822 3010 mense
844 2953 1021 3030 apparatus,
1055 2947 1203 3010 interdum
1223 2947 1330 3008 admo·

290 3064 362 3122 (tum
382 3063 527 3140 pretiosa,
549 3068 583 3123 ut
603 3081 693 3125 aurea
717 3064 850 3126 Platonis
871 3066 889 3126 Ι.
913 3066 945 3147 1.,
967 3067 998 3126 in
1022 3066 1104 3143 uulgi
1126 3081 1213 3128 usum
1235 3067 1333 3125 testa·

290 3193 351 3237 eea.
396 3177 472 3256 Quae
494 3181 565 3258 quin
594 3183 769 3242 tenuissimo
802 3199 892 3262 opere
925 3183 1050 3244 deducta
1077 3182 1205 3263 tuerint,
1239 3197 1330 3242 nemo

281 3293 415 3374 rtuhitet,
438 3298 601 3375 presertim
631 3315 723 3376 quum
755 3301 833 3378 apud
866 3299 989 3361 Suidam
1010 3301 1160 3378 legamus,
1193 3298 1331 3360 Dioclem

291 3410 502 3473 Atheniensem
524 3415 674 3474 iuvenisse
695 3417 751 3498 epa
785 3413 821 3482 ἐν
850 3427 916 3491 τοῖς
949 3413 1126 3500 ὀξυβάφοις
1157 3411 1330 3498 ἁρμονίαν,

290 3519 489 3607 ὁστρακινοῒς
510 3525 660 3609 ἀγγείοις,
683 3529 768 3614 ἅπερ
790 3531 918 3618 exponen
939 3531 977 3597 ἐν
997 3532 1146 3619 §aiamim

374 3642 467 3706 Parva
482 3645 573 3708 tuisse
595 3652 627 3708 et
649 3647 736 3725 plana
757 3615 922 3732 patulaque
940 3649 1045 3730 torma,
1068 3665 1172 3710 omnes
1188 3654 1330 3710 auctores

290 3763 488 3822 consentiunt.
532 3761 694 3824 Athenaeus
716 3760 805 3846 (494,
829 3769 860 3837 c)
872 3768 915 3827 ait
928 3785 994 3828 esse
1018 3765 1103 3842 εἶδος
1124 3761 1249 3840 κύλικος
1269 3789 1329 3848 μ,-

289 3874 370 3954 κρᾶς
390 3879 421 3946 et
442 3876 574 3951 (thiae)
596 3877 773 3944 ἐκπέταλον
785 3881 947 3966 ποτήριον.
970 3882 1123 3964 Congruit,
1146 3884 1225 3962 quod
1247 3884 1329 3960 apud

289 3988 519 4067 Aristophanem
552 3995 581 4054 in
613 3996 667 4058 hv.
690 3993 751 4057 361
782 3997 977 4062 Pisthetaerus
1009 4001 1146 4082 Euelpidi
1168 4003 1329 4078 querenti,

290 4106 361 4184 quid
383 4107 477 4169 ocutis
503 4109 568 4170 suis
597 4112 770 4192 praendat,
802 4117 923 4180 suadet:
961 4113 1126 4202 ὀξύβαφον
1161 4115 1331 4183 oneror
