2902 4704
683 205 911 304 ΔΨ...

273 422 370 496 aaut,
403 433 431 476 r.
456 413 532 476 l’lin.
556 411 594 476 ll.
617 410 653 474 ll.
675 409 821 490 XXXlll,
843 408 874 473 S.
896 405 950 472 55.
999 408 1106 472 Nobile
1127 408 1207 489 llyis
1229 427 1321 488 opus,
1437 373 1439 420 ἑ

274 533 355 614 qood
382 531 511 594 habehat
534 531 655 592 Troiam
680 533 797 608 captam
823 528 973 608 celsum,
1005 532 1255 590 commemoratur
1279 527 1321 588 ah

275 652 419 716 schemo
440 649 495 730 xl,
517 643 592 727 782,
610 648 641 709 h.
684 645 783 708 Etiam
803 645 842 708 ad
863 661 919 708 nos
940 646 1075 725 pervenit
1095 645 1194 708 nobile
1216 663 1319 706 mem·

276 769 358 848 plum
385 767 548 832 Herculani
576 767 745 842 inuentum,
777 765 808 826 in
835 782 896 844 quo
928 763 1041 827 caelata
1069 769 1118 826 cst
1141 763 1318 844 apotheosis

275 887 410 964 llnmeri,
431 905 462 952 r.
483 885 636 963 hlillingeo
659 882 754 945 llned.
774 880 856 944 hlon.
879 881 917 960 ll,
939 877 989 943 13.

360 1002 422 1068 Cur
442 1009 543 1066 autem
564 1003 644 1066 hunc
665 1000 812 1080 scyphum
832 1001 982 1082 appellare
1003 1000 1140 1080 audeam,
1161 1018 1197 1061 ea
1218 1000 1317 1079 prima

275 1140 365 1186 causa
386 1126 450 1204 est,
484 1121 564 1202 quod
586 1120 706 1182 celatus
728 1123 793 1198 σοι,
825 1136 923 1198 neque
944 1120 1024 1180 enim
1044 1118 1102 1180 alia
1123 1115 1186 1180 lere
1207 1117 1317 1196 pocula

180 1303 187 1314 ,
274 1239 378 1304 celata
388 1241 658 1302 commemorantur
668 1241 780 1316 prater
790 1236 920 1316 scyphos
931 1240 963 1297 et
978 1236 1093 1316 phialas
1104 1234 1150 1313 *).
1192 1235 1315 1297 Etenim

275 1362 414 1422 accurata
435 1356 617 1436 scyphorum
639 1355 864 1434 descriptioni
890 1367 946 1416 nos
968 1355 1049 1416 nullu
1070 1355 1223 1436 pervenit,
1257 1371 1315 1416 nec
1438 1427 1439 1452 1

276 1482 376 1538 tameo
398 1475 466 1536 idco
487 1473 540 1536 lati
563 1474 705 1552 iniqulcn
725 1474 892 1536 accusanda
913 1477 971 1552 est,
993 1471 1203 1552 quesinheam
1216 1473 1314 1549 ipsam
1438 1457 1439 1526 l

276 1609 407 1671 causam,
429 1593 710 1672 quodantiquorum
725 1609 824 1670 nemo,
846 1591 949 1672 quales
971 1590 1074 1671 scyphi
1090 1593 1202 1670 essent,
1225 1590 1313 1668 igno·

276 1714 366 1794 roret,
389 1709 474 1772 nobis
496 1727 614 1772 omnem
638 1711 773 1770 notitiam
794 1711 950 1788 eripuerit.
996 1707 1101 1770 Potius
1118 1709 1216 1768 omnia
1238 1726 1313 1770 coo-

274 1829 418 1908 quirenda
440 1833 520 1906 aunt,
544 1845 612 1907 qum
625 1828 655 1888 iu
665 1828 797 1906 antiquie
809 1816 1008 1888 monumentis
1019 1829 1164 1906 apparent
1174 1827 1312 1906 veshgin,

274 1953 304 2008 ot
325 1946 507 2025 videbimus,
541 1949 574 2006 ut
594 1946 717 2024 opinor,
746 1946 846 2026 omnia
867 1945 972 2006 eodem
993 1949 1140 2023 spectare.
1183 1942 1259 2006 llam
1281 1949 1313 2004 et

273 2063 451 2144 etymologia
473 2081 523 2124 vae
544 2080 649 2124 cavum
670 2063 797 2139 indicat,
830 2068 862 2123 ct
894 2062 972 2122 illem
993 2061 1121 2123 elficltur
1142 2081 1179 2124 ex
1199 2062 1312 2124 Athen.

273 2175 349 2262 499,
371 2191 404 2242 e:
438 2181 557 2266 σκύφος
585 2175 652 2244 ἀπὸ
680 2183 734 2265 τῆς
762 2177 934 2263 σκαφίδος·
972 2182 1028 2243 καὶ
1052 2180 1141 2244 enaim
1167 2173 1201 2242 δ’
1227 2176 1313 2243 loris

274 2293 391 2382 ὁμοίως
413 2293 545 2380 ἄγγελον
565 2296 692 2388 ξύλινον
714 2296 916 2382 στρογγύλον,
937 2302 969 2360 ct
990 2317 1026 2359 ex
1048 2299 1104 2379 iis,
1136 2315 1203 2376 qun
1231 2297 1313 2358 idem

272 2412 354 2495 495,
376 2435 403 2480 c.
426 2417 463 2478 de
497 2417 624 2479 mulctra
656 2412 761 2476 tradit:
801 2415 915 2480 Πέλλα
952 2410 1084 2496 ἀγγεῖον
1116 2413 1313 2500 σκυφοειδές,

273 2537 428 2618 maluero
449 2531 523 2616 ἔχον
543 2532 752 2616 πλατύπουν.
794 2533 944 2612 Imprimis
970 2538 1070 2594 autem
1098 2551 1135 2594 eo
1162 2535 1313 2612 iuvamur,

273 2651 353 2730 quod
376 2651 513 2714 Herculis
533 2653 687 2732 proprium
708 2651 799 2714 luisse
820 2651 966 2732 scyphum
996 2653 1148 2731 novimus3
1182 2651 1262 2730 quod
1285 2653 1312 2712 si

211 2827 215 2846 „
274 2785 332 2828 noo
355 2785 474 2848 semper
495 2801 536 2816 -
559 2785 627 2831 nam
649 2788 677 2832 v.
699 2788 726 2834 c.
750 2771 892 2830 inaurea
918 2774 1021 2848 patere
1048 2787 1096 2847 ap.
1118 2769 1224 2830 Mittin.
1244 2768 1311 2830 Μο-

276 2903 357 2948 num.
379 2882 455 2964 tul
480 2887 655 2948 cantharum
676 2889 753 2964 gerit
764 2886 909 2950 Hercules
931 2887 1127 2951 cumliaccho
1148 2886 1254 2948 bibens
1269 2917 1312 2932 -

273 3007 305 3064 at
326 3003 356 3064 in
378 3003 466 3082 longe
488 3003 625 3082 plurimis
646 3005 719 3066 artis
748 3007 949 3068 monumentis
969 3004 1159 3066 ohserrntum
1180 3003 1310 3064 videtur.

274 3119 432 3198 Spectatur
461 3123 491 3183 in
519 3140 609 3184 manu
630 3121 769 3184 Herculis
798 3123 858 3184 tale
883 3137 935 3184 uas
957 3139 1061 3184 cavum
1090 3124 1155 3184 sine
1184 3121 1259 3200 pede
1281 3126 1315 3182 et

275 3240 356 3300 nnsis
384 3237 514 3302 inlitus.
537 3238 606 3300 PCl.
630 3240 666 3320 V,
689 3233 745 3320 143
778 3239 869 3318 Zoeg.
891 3239 1022 3303 Bassiril.
1044 3237 1098 3321 70,
1126 3245 1156 3302 ct
1177 3240 1312 3317 'ingentis

272 3355 486 3436 magnitudinis
508 3356 578 3417 ibid.
598 3353 658 3436 693
682 3356 769 3418 llcrc.
793 3363 824 3418 et
846 3357 948 3438 Pomp.
973 3357 1009 3435 V,
1033 3353 1082 3422 19.
1126 3357 1186 3418 Alii
1208 3356 1312 3436 scyphi

271 3533 575 3550 'm

338 3655 433 3722 «liutto,
462 3657 489 3706 in
509 3667 611 3708 summa
627 3657 715 3718 poculi
734 3671 777 3710 ora
796 3667 903 3736 ponatur
920 3664 1048 3710 extremus
1065 3659 1162 3722 pollex,
1187 3662 1314 3720 qnatenus

340 3751 426 3800 unguo
444 3745 526 3792 tectus
542 3742 586 3792 sit.
620 3740 909 3809 mmqnesmmnunn,
927 3744 1084 3796 ahoeclhio
1101 3744 1129 3794 ln
1146 3743 1236 3794 tndlca
1254 3741 1314 3794 tect.

342 3820 478 3872 lesl-su
505 3825 610 3876 meliore
642 3826 762 3890 edoctus,
793 3833 878 3878 tamen
905 3841 957 3878 non
984 3838 1091 3889 prorsus
1117 3825 1315 3889 improbabilem

339 3910 412 3966 putat
429 3906 455 3956 ln
473 3907 561 3958 Ultlm.
580 3909 637 3961 llic.
657 3923 682 3970 p.
706 3909 764 3976 158,
783 3917 834 3962 not.
853 3925 876 3962 e.

296 3985 439 4120 *lgemcn
458 3989 584 4042 Thcrlclin
607 3998 667 4042 sunt
689 4007 730 4056 ep.
751 3994 804 4047 Cic.
825 3997 894 4045 verr.
913 3997 958 4058 lv,
980 3995 1023 4058 183
1051 3994 1107 4056 ὀξίς
1129 4007 1170 4056 ap.
1187 3992 1248 4044 Au.
1268 3991 1316 4057 Vl,

271 4115 274 4126 .
334 4077 342 4094 ·
370 4073 396 4139 e,
416 4085 439 4121 e.
