2906 4716
790 217 812 280 2

693 304 912 314 ---.-—..-·-

285 443 351 487 rum
373 423 544 485 Graecorum
566 427 597 482 et
618 421 804 499 Latinorum,
827 439 904 499 quoe,
928 441 1019 502 quum
1042 441 1198 486 commune
1221 428 1322 490 incon-

284 544 367 604 dium
395 545 494 603 cetera
522 539 653 615 deleret,
685 540 751 600 auri
779 539 872 600 instar
900 540 1014 638 absumi
1038 561 1096 604 non
1119 545 1225 622 potuit.
1279 545 1323 604 hc
1443 611 1445 626 ,

285 661 393 722 littere
415 659 535 738 quidem
557 659 698 736 antique,
722 675 810 718 nemo
832 657 966 732 dubitat,
1000 661 1070 738 quin
1092 663 1262 740 praecipuus
1283 663 1323 722 sit

283 779 374 840 huius
396 777 574 855 cognitionis
595 774 677 855 lons3
700 776 753 836 sed
775 776 866 836 eliam
883 777 974 862 alium
989 767 1100 840 emittit
1114 783 1203 857 terra,
1222 797 1321 840 rerum
1444 835 1445 844 ι

285 897 417 956 οιιιιιὶιιιιι
439 911 558 972 parens.
612 892 734 954 Etenim
756 893 908 955 calamitas
931 895 998 975 illa,
1031 913 1099 974 quae
1120 895 1321 958 Herculanum
1444 937 1445 966 ι

285 1020 317 1076 et
337 1011 496 1094 Pompeios
517 1011 649 1088 antiquis
672 1012 793 1092 eripuit,
817 1011 902 1074 nohis
925 1016 1066 1094 servavit,
1087 1019 1122 1074 ut
1141 1021 1209 1091 post
1230 1014 1322 1076 mulla

285 1131 419 1210 tempora
440 1133 555 1192 certum
577 1133 607 1189 et
627 1115 813 1192 luculentum
835 1135 950 1192 extaret
966 1133 1179 1192 testimonium.
1213 1129 1323 1192 Obruit

284 1251 389 1326 eadem
416 1253 495 1309 terra
521 1245 689 1324 fragmenta
718 1265 797 1325 sepe
824 1250 951 1327 egregiae
980 1251 1053 1310 artis
1080 1265 1223 1326 operum,
1257 1267 1323 1326 quae

286 1366 422 1427 mutilata
444 1370 475 1425 el
496 1369 633 1426 truncata
655 1370 825 1445 acceperat,
867 1367 905 1450 ah
930 1367 1073 1428 ulteriore
1095 1366 1204 1446 injuria
1225 1367 1323 1426 viudi-

286 1501 367 1545 caus.
421 1483 611 1562 Aperuerunt
646 1484 745 1562 impiae
771 1501 876 1545 manus
906 1486 996 1546 etiam
1023 1485 1161 1562 sepulcra
1190 1489 1323 1546 mortuo·
1444 1469 1445 1520 l

287 1620 369 1678 rum,
403 1606 446 1680 ut,
476 1618 550 1680 quas
579 1603 705 1661 mortuis
727 1601 847 1662 inutiles
868 1621 940 1681 opes
961 1604 1197 1664 consecravisset
1219 1602 1323 1678 religio

285 1725 439 1798 veterum,
470 1721 545 1780 rivis
566 1721 708 1780 existeret
729 1718 812 1786 lerax
833 1721 1009 1797 cognitionis
1030 1713 1143 1782 semen.
1187 1719 1325 1782 Protule-

287 1842 358 1898 runl
385 1843 485 1898 autern
514 1857 551 1898 ex
581 1837 728 1915 sepulcris
756 1841 864 1916 praeter
888 1839 1087 1917 sarcophagos
1109 1841 1191 1918 ipsos
1212 1839 1324 1898 variam

286 1953 511 2034 supellectilem,
533 1955 678 2030 imprimis
700 1955 850 2029 ingentem
871 1957 930 2014 vim
952 1955 1089 2016 fictilium
1110 1973 1259 2018 vasorum.

371 2069 451 2131 Vilia
478 2072 655 2148 plerumque
684 2073 715 2129 et
741 2071 824 2146 parvi
853 2071 940 2148 pretii
962 2069 1083 2132 luerunt
1108 2071 1172 2131 haec
1194 2071 1323 2150 vascula,

287 2195 321 2251 ut
337 2175 445 2250 ¹uerum
466 2187 623 2264 fateamur,
646 2186 731 2248 nobis
754 2190 852 2248 tamen
875 2188 997 2248 minime
1019 2188 1202 2266 negligenda.
1249 2187 1324 2250 Nem

286 2312 318 2368 et
344 2309 494 2368 vetustate
521 2305 582 2366 lere
609 2305 719 2384 omnia,
747 2323 813 2382 que
841 2305 878 2366 ad
901 2323 956 2366 nos
979 2311 1186 2385 pervenerunt,
1220 2325 1324 2367 monu-

287 2429 387 2486 menta
408 2427 568 2503 superant,
600 2427 631 2483 el
658 2427 834 2500 argumenta
861 2425 891 2484 in
918 2424 955 2484 iis
977 2425 1056 2500 picta
1078 2423 1123 2484 vel
1145 2425 1181 2484 ad
1205 2423 1325 2501 religio·

288 2559 356 2604 nem
377 2547 409 2604 et
429 2541 555 2620 fabulas,
576 2539 623 2601 vel
646 2541 682 2600 ad
704 2543 850 2618 privatam
872 2543 962 2601 vitam
985 2545 1016 2600 el
1037 2559 1155 2602 omnem
1177 2543 1246 2601 vitae
1259 2541 1325 2601 cul-

288 2665 352 2720 tum
384 2659 622 2736 cognoscendum
655 2673 713 2716 non
746 2674 818 2717 sane
851 2658 971 2735 paulum
1004 2656 1171 2718 conterunt.
1228 2655 1324 2716 Porro

287 2777 422 2854 quamvis
443 2775 480 2835 ab
502 2773 657 2852 opificibus
679 2775 780 2850 potius
802 2791 891 2852 quam
912 2773 1075 2837 artificibus
1097 2771 1231 2852 prolecta
1252 2775 1324 2846 sint,

289 2911 343 2953 neo
364 2893 459 2970 magis
481 2891 538 2952 sibi
559 2892 676 2968 possint
698 2888 891 2952 artificiorum
915 2907 1022 2950 nomen
1045 2908 1200 2970 arrogare,
1235 2908 1324 2968 quam

288 3027 324 3070 ea
337 3009 466 3086 vascula,
488 3007 666 3087 quihus'nos
687 3009 821 3086 quotidie
843 3010 964 3088 utimur,
987 3013 1086 3070 lamen
1108 3025 1143 3068 ea
1165 3011 1212 3068 est
1232 3021 1324 3085 quum

289 3103 422 3206 ipsorum
443 3143 582 3189 rasorum
603 3125 766 3203 elegantia,
803 3130 866 3188 lum
894 3143 973 3205 saepe
995 3128 1141 3205 pictarum
1163 3125 1325 3203 figurarum

289 3237 494 3324 pulchritudo,
526 3251 561 3308 ut
595 3246 645 3307 hio
678 3261 798 3324 quoque
831 3261 889 3304 non
918 3246 1069 3322 possimus
1097 3262 1157 3304 non
1185 3245 1324 3306 admirari

288 3361 458 3422 Graecorum
480 3363 634 3424 hominurn
655 3363 818 3441 ingenium.
851 3360 1009 3422 Fastidiosi
1025 3361 1155 3440 prolecto
1171 3363 1276 3437 simus,
1299 3364 1324 3422 si

290 3486 349 3540 tam
370 3480 485 3558 largum
506 3481 639 3542 scientie
660 3478 771 3540 iontem
795 3482 906 3540 temere
918 3478 1120 3557 repudiemus.
1153 3478 1324 3556 Namqvot·

289 3598 375 3658 anuis
389 3615 464 3660 uova
478 3597 615 3677 sepulcra
636 3597 842 3676 reperiuntur,
876 3613 950 3657 nova
972 3597 1058 3674 copia
1080 3613 1218 3656 vasorum
1241 3596 1324 3654 inve-

289 3717 370 3774 nitur
391 3719 422 3775 et
443 3733 497 3794 por
517 3733 621 3776 omnes
642 3719 737 3776 terras
759 3715 951 3792 dispergitur.
994 3713 1131 3792 Etruria,
1154 3711 1324 3791 Campania,

163 3840 165 3844 '
213 3917 216 3929 ,
289 3831 414 3911 Apulia,
436 3835 499 3892 lota
519 3831 582 3894 lere
604 3831 706 3911 ltalia,
736 3834 826 3894 etiam
848 3829 950 3892 Sicilia
972 3834 1003 3890 et
1024 3827 1138 3892 Graecia
1160 3831 1224 3908 ipsa
1247 3847 1325 3890 nun-

288 3966 382 4027 quam.
399 3948 551 4009 exhauriri
572 3966 662 4026 posse
673 3950 822 4010 videnlur.
851 3947 912 4008 Nec
926 3964 997 4007 sane
1012 3947 1205 4024 neglexerunt
1222 3964 1257 4006 ea
1268 3945 1324 4006 riri

288 4066 383 4144 docti3
405 4069 489 4126 lanto
511 4067 590 4124 enim
612 4066 711 4126 studio
734 4067 763 4124 in
786 4065 850 4125 haee
872 4063 989 4124 vascula
1012 4062 1225 4124 consideranda
1242 4063 1326 4123 incu-
