2906 4716
633 275 677 339 55

113 480 185 538 tore
210 477 296 552 (Vi,
318 473 382 558 963
410 477 458 558 X,
485 471 545 552 69)
567 475 655 538 stab
676 475 784 538 ceteris
805 479 945 542 omnibus
966 482 1045 542 inter
1067 481 1173 559 pocula

113 595 265 675 ponitur,
288 596 325 657 ad
348 597 463 656 minora
485 594 576 656 malui
598 592 719 656 roicrrc.
765 593 854 670 Quod
876 599 902 657 si
925 600 993 677 quis
1015 603 1045 660 et
1066 601 1171 661 cotho-

113 727 171 772 ues
197 717 235 773 et
258 713 349 791 rhpta
369 717 402 773 ct
422 711 567 792 ampullas
594 711 710 790 poculis
737 713 924 776 adnumerari
952 715 1106 794 maluerit,
1138 722 1173 777 ul

111 831 244 908 antiqui
260 831 319 909 ipsi
331 809 475 912 re'corunt,
500 835 598 892 lamen
613 833 771 908 angustum
788 848 821 891 os
844 832 958 912 probat,
982 835 1012 896 in
1026 832 1171 896 fabrican-

112 947 165 1008 dis
188 948 247 1009 his
267 931 399 1010 'crusculis
421 947 451 1008 id
473 951 601 1010 marimo
621 951 788 1027 spectatum
810 965 888 1027 esse,
911 953 945 1012 ul
960 951 1091 1030 liquores
1105 955 1171 1012 tuto

113 1071 333 1140 sacrarentur,
356 1069 490 1145 quamvis
506 1085 564 1128 nou
579 1067 678 1128 minua
691 1051 728 1126 de
746 1065 820 1144 ipsis
842 1065 948 1146 rhytils
970 1071 1001 1130 et
1021 1069 1169 1148 ampullis,

116 1185 281 1261 quom-de
302 1187 413 1262 apertis
436 1185 561 1264 poculis,
584 1181 680 1245 inlusa
703 1201 740 1243 ex
762 1182 821 1244 illis
850 1185 989 1266 potione,
1011 1185 1072 1247 bibi
1100 1203 1171 1264 pos·

114 1305 176 1377 set,
202 1302 312 1362 eodem
335 1303 434 1381 modo,
457 1319 516 1380 quo
538 1319 574 1362 ex
596 1303 651 1379 iis,
685 1317 752 1379 qun
774 1319 828 1362 nos
850 1302 1010 1363 “Larisa”
1032 1303 1168 1364 dicimus.

208 1417 360 1480 Praelata
381 1419 418 1480 de
440 1424 546 1480 natura
568 1417 625 1482 cori
645 1417 799 1493 κώθωνος
820 1419 961 1482 docemur
982 1418 1104 1482 aCritia
1119 1437 1168 1498 ap.

117 1533 266 1615 Atmxl,
287 1530 361 1614 iu,
383 1535 420 1614 lr3
443 1538 495 1615 qui
518 1537 602 1616 dicit,
625 1535 805 1597 Laconicum
829 1553 895 1598 esse
917 1538 1068 1618 poculum,
1091 1537 1170 1600 mili·

118 1653 171 1712 tiae
206 1653 569 1732 accommodatissimum,
603 1655 673 1733 quia
706 1658 737 1716 ct
765 1653 851 1720 facila
880 1656 911 1715 io
944 1671 1016 1733 pera
1048 1655 1168 1716 militari

121 1773 242 1847 portari
262 1773 375 1850 possit,
409 1776 439 1832 et
462 1770 512 1832 ubi
534 1789 622 1850 aqua,
655 1776 689 1832 ut
711 1772 740 1830 in
763 1771 871 1832 itinere
893 1787 952 1832 uon
974 1789 1092 1850 semper
1112 1789 1169 1850 pu·

121 1887 264 1966 rissiron,
299 1883 425 1949 hibenda
446 1890 504 1964 sit,
537 1888 583 1950 rel
606 1890 702 1950 risum
724 1905 810 1966 aquas
831 1885 965 1968 aulierat,
995 1888 1043 1949 vel
1064 1888 1167 1949 limum

121 2007 207 2066 cavis
229 2005 374 2066 lateribus
397 2010 546 2066 retentum
576 2023 630 2084 per
658 2021 693 2065 os
720 2007 802 2066 exire
829 2023 889 2066 non
922 1997 1054 2084 patiatur
1087 2003 1168 2089 (rip-

120 2125 233 2204 βωνας
270 2119 290 2189 ὅ
322 2122 439 2186 κώθων
471 2121 553 2204 ἔχων
586 2118 757 2189 ὑπολείπει
795 2119 831 2188 cd
864 2119 903 2189 ori
940 2119 1095 2206 καθαρὸν
1133 2120 1169 2190 ἓν

125 2235 244 2328 αὐτῷ).
279 2239 436 2307 Consentit
447 2239 629 2328 Xenophon,
653 2243 682 2301 in
698 2239 872 2320 Cyropaedia
894 2241 918 2319 Ι,
942 2237 974 2318 2,
995 2235 1018 2303 8
1039 2242 1167 2303 cothona

124 2372 363 2433 commemorans
385 2363 505 2439 aptum,
539 2375 599 2438 quo
621 2361 760 2436 nque'ca
778 2359 868 2418 liuvio
889 2358 1062 2437 hauriatur3
1095 2375 1168 2419 can-
1275 2373 1284 2383 ¹

124 2476 257 2556 demque
278 2475 456 2540 sententiam
478 2478 629 2555 copiosius
651 2477 773 2554 exponit
790 2474 969 2536 Plutarchus
989 2477 1018 2536 io
1037 2475 1167 2552 Lycurgi

126 2609 153 2656 c.
174 2591 208 2656 9.
253 2593 315 2656 Nec
337 2598 434 2654 mmen
456 2611 543 2672 aquae
565 2594 661 2656 solum
684 2611 735 2654 vas
758 2596 839 2668 erat,
873 2593 932 2652 imo
956 2593 1016 2653 vini
1037 2591 1167 2670 plerum·
1224 2653 1226 2660 ,

128 2729 205 2790 que,
229 2715 264 2772 ut
285 2712 314 2771 in
337 2709 390 2773 irr.
413 2713 593 2772 comicorum
615 2729 663 2789 ap.
685 2679 862 2771 Allienaeum
885 2710 947 2774 l..l.
990 2710 1063 2770 inde
1084 2725 1167 2770 com·

127 2826 243 2905 potatio
265 2827 419 2888 dicebatur
440 2825 569 2902 κώθων,
591 2831 622 2888 ct
642 2827 891 2904 κωθωνίζεσθαι
907 2832 937 2889 ei
958 2806 1168 2910 κωθωνισμός

127 2944 165 3005 de
187 2945 280 3006 nimio
302 2949 385 3024 potu,
407 2949 439 3006 et
461 2941 736 3028 ἄκρωνοκώθωνες
757 2946 828 3007 huic
851 2947 894 3006 rei
914 2947 1015 3007 dediti.

213 3061 449 3139 Magnitudinem
478 3063 625 3124 modicam
646 3062 755 3144 fuisse,
778 3081 815 3122 ex
842 3076 898 3123 usu
921 3062 1082 3123 verisimile
1103 3067 1166 3143 est3

126 3179 194 3240 sinc
226 3179 317 3240 dubio
351 3197 410 3240 nou
443 3199 480 3240 ex
514 3181 652 3252 minimis,
679 3179 737 3239 fuit
774 3179 825 3240 ille
856 3177 989 3238 Alexidis
1027 3181 1168 3256 quattuor
1247 3175 1250 3181 ’

128 3297 265 3358 heminas
292 3298 413 3378 capiens
436 3291 532 3376 (483,
559 3299 603 3369 e).
646 3295 679 3355 ln
703 3295 853 3356 Ptolemaei
875 3313 982 3374 pompa
1012 3300 1044 3355 ut
1069 3295 1168 3356 omnia

127 3415 274 3493 iugentia,
297 3415 338 3476 ita
360 3414 450 3474 etiam
471 3411 647 3496 διμέτρητοι
668 3410 819 3487 κώθωνες
841 3416 909 3474 sunt
932 3412 1020 3486 (Aah.
1032 3411 1070 3488 V,
1094 3405 1166 3488 199,

129 3539 173 3605 e).
210 3529 301 3604 Quod
322 3531 358 3592 ad
381 3533 533 3592 rrastcriam
556 3531 674 3604 attinet,
698 3529 784 3608 vulgo
805 3529 912 3591 fictiles
934 3534 1030 3612 crant,
1055 3525 1168 3588 nicil.

80 3647 82 3654 ’
132 3647 199 3726 vii,
223 3643 302 3726 1623
326 3653 423 3710 umen
446 3619 476 3708 io
498 3647 802 3725 inscriptioneAtlica
820 3648 898 3726 apud
918 3635 1100 3708 Boeclrhium
1114 3643 1166 3724 (C.

132 3763 157 3826 Ι.
180 3763 237 3826 vol.
262 3763 289 3838 i,-
311 3783 340 3844 p.
362 3759 443 3837 286)
466 3768 736 3825 commemorantur
762 3763 880 3844 padani
903 3753 1064 3838 κώθωνες.
1108 3761 1168 3826 Sed

133 3883 161 3942 ic
188 3881 243 3944 dr.
270 3880 337 3944 Pac.
362 3877 447 3942 1094
476 3875 612 3966 φαεινὸς
644 3880 760 3944 κώθων
791 3881 888 3941 dictus
921 3881 1037 3940 videtur
1069 3880 1168 3957 potius

133 4003 255 4078 propter
275 3999 459 4078 voluptatem
481 3997 612 4076 potandi,
636 4015 724 4074 quam
747 4001 868 4076 propter
888 3995 1075 4074 splendorem
1090 3996 1166 4055 uris.
