2906 4716
652 215 695 282 43

573 304 795 318 ——q—

136 420 295 481 convenit
327 421 365 480 iis
398 421 494 499 raaia,
528 435 595 498 quaa
622 417 793 482 Gerlraralus
822 438 880 482 aon
908 421 973 484 aina
1000 423 1083 500 gravi
1106 439 1194 487 aauaa

135 537 284 614 scyphos
308 537 478 616 appellavit,
512 555 692 616 quamquam
714 540 827 604 maiora
850 543 940 600 tanto
961 543 1032 602 suat
1052 539 1195 620 amplitu-

135 653 243 730 diuis‚
285 660 321 716 ut
349 673 501 732 nunquam
522 657 628 734 pocula
651 655 746 718 laissa
767 657 938 738 viduantur,
971 660 1098 719 maxima
1127 677 1195 738 quaa

135 790 235 834 ansas
259 773 388 852 habeat,
411 791 470 834 non
492 789 612 836 sursum
634 779 767 854 erectas,
790 775 843 835 aad
865 792 987 852 prorsus
1007 776 1044 838 ad
1066 777 1195 854 [aquaria

138 890 261 952 lineam
286 892 429 968 amissas,
452 895 487 952 ut
507 890 580 955 Pau.
605 891 641 955 ll.
665 891 722 972 lv,
743 888 796 956 50.
841 891 1014 978 iliiudioent
1034 893 1102 972 alii3
1124 911 1193 972 ago,

137 1009 255 1086 qualos
285 1009 318 1070 lri
347 1009 412 1070 cadi
440 1008 568 1088 luerint,
608 1027 657 1072 me
684 1011 821 1089 ignorare
849 1008 952 1081 fateor.
985 1041 1027 1056 ·-
1061 1010 1194 1074 Paaoilra

139 1125 246 1188 liech.
268 1125 308 1206 ll,
332 1121 374 1186 13
395 1125 498 1192 κάδον
519 1127 679 1206 appellavit
700 1127 771 1188 illud
794 1146 887 1206 genua
903 1130 933 1189 in
944 1128 1053 1208 Apulia
1066 1130 1194 1190 maxima

139 1245 320 1322 inventurn,
343 1247 422 1326 quod
444 1261 548 1308 aarum
571 1245 660 1308 habet
677 1263 767 1323 supra
789 1247 900 1308 ostium
922 1252 1102 1324 porrectam
1126 1245 1193 1308 itali

140 1363 261 1424 dieunt
288 1362 435 1426 “lancella
462 1381 518 1426 oon
548 1363 684 1426 ramiche
712 1379 800 1441 sopra
829 1364 857 1424 la
883 1364 1002 1428 bocca.”
1055 1365 1111 1428 Est
1137 1365 1194 1426 hoo

142 1499 248 1558 genus
272 1483 459 1562 aptissimum
481 1482 561 1560 quod
584 1480 715 1542 luaiculo
738 1482 768 1541 iu
790 1487 913 1561 puteum
940 1483 1124 1562 demittatur,
1161 1489 1195 1544 ut

143 1600 236 1662 mihi·
260 1601 382 1679 quidem
414 1601 503 1661 etiarn
536 1600 602 1660 cadi
632 1617 726 1678 genus
754 1597 847 1662 luisse
873 1601 1024 1682 rideatur,
1059 1603 1194 1681 quamvis

145 1718 336 1798 obloquatur
356 1716 538 1780 Letronuius
560 1719 591 1778 in
612 1717 774 1798 Ephomor.
799 1711 893 1799 1833,
916 1737 946 1796 p.
968 1714 1040 1781 405.

561 1915 612 1984 12.
637 1917 809 2004 ‘ratra-

150 2080 187 2138 ut
218 2092 328 2136 noman
357 2028 456 2152 ipsuni
485 2073 588 2155 docet,
624 2079 671 2136 est
704 2091 780 2136 urna
812 2073 949 2154 aquaria3
993 2092 1049 2148 aaa
1080 2078 1192 2137 certam

149 2193 306 2270 quandam
336 2193 467 2270 speciem
499 2192 556 2254 hoc
589 2211 697 2254 noman
729 2193 857 2272 indicat3
900 2193 953 2254 aed
985 2193 1192 2272 complectitur

150 2313 255 2372 omnia
276 2327 364 2388 rasa,
398 2309 507 2390 quibus
529 2327 638 2390 aquam
659 2310 706 2371 vel
733 2329 770 2370 ex
797 2308 928 2370 fontibus
956 2310 1111 2390 petebant,
1144 2309 1192 2370 vel
1312 2345 1319 2354 ·

149 2449 208 2508 per
244 2434 363 2510 tempus
395 2427 517 2508 aliquod
550 2427 717 2490 seruabant.
760 2425 823 2487 Neo
845 2444 904 2486 uno
926 2443 1035 2504 genere
1055 2427 1092 2488 atl
1114 2427 1191 2488 hano

152 2565 219 2608 rem
242 2547 417 2626 utebantur,
452 2551 485 2606 ut
506 2565 542 2606 er
563 2546 695 2624 antiquis
716 2548 798 2624 patat
820 2543 1007 2621 imaginibus.
1050 2543 1193 2606 Videmus

153 2683 262 2726 urnam
293 2669 325 2726 et
356 2663 472 2725 duabus
502 2665 584 2726 anais
617 2664 779 2737 munitam,
812 2665 846 2723 ut
875 2660 977 2724 Cadmi
1000 2662 1030 2724 in
1052 2680 1123 2744 rasa
1144 2681 1192 2742 ap.

153 2750 310 2863 Millioaen
333 2781 428 2845 Uaed.
452 2781 532 2845 Mon.
555 2779 586 2856 1,
608 2777 669 2855 27,
692 2785 722 2842 et
743 2783 808 2843 siae
829 2782 920 2858 ausis,
944 2785 977 2843 ut
999 2783 1028 2842 in
1051 2781 1192 2861 trequen-

154 2903 236 2963 tibus
265 2901 325 2962 illis
354 2901 526 2974 Fluviorum
554 2900 731 2978 imaginibus
758 2901 803 2979 (ι.
831 2899 950 2964 Mtiller.
979 2899 1069 2962 atach.
1099 2895 1193 2977 403),

154 3027 186 3082 at
208 3021 288 3100 quod
311 3037 365 3098 pro
387 3019 520 3098 legitimo
541 3017 644 3080 haberi
670 3019 782 3097 possit,
816 3036 874 3078 una
897 3033 970 3078 auaa
998 3023 1038 3089 (ι.
1062 3017 1191 3078 Ριεειιτίἰ

154 3138 237 3202 Μοιι.
250 3139 313 3204 Etr.
331 3139 353 3218 l,
375 3131 435 3212 283
458 3136 673 3213 Staokelbargii
695 3135 815 3210 Graber,
829 3135 858 3195 d.
881 3133 920 3194 Η.
946 3129 1012 3207 16).
1045 3135 1091 3194 Aa
1113 3134 1191 3196 hano

32 3285 38 3298 ·
153 3276 245 3319 unam
266 3274 369 3318 ansam
389 3255 535 3316 accedunt
556 3255 732 3334 plerumque
754 3254 820 3314 duo
842 3250 1028 3326 auriculari)
1051 3253 1080 3311 ia
1094 3252 1192 3317 medio

154 3393 291 3454 corpore,
315 3373 419 3436 utilia
441 3373 478 3434 ad
500 3391 626 3435 vacuum
647 3389 699 3434 vas
721 3372 910 3450 portandum,
932 3373 976 3432 sio
997 3369 1044 3431 haa
1066 3371 1102 3431 ad
1125 3370 1190 3448 ple·

117 3571 125 3591 ι
154 3511 227 3554 num
249 3491 412 3554 tollendum
433 3492 574 3568 aptiores.
622 3489 765 3570 Exempla
796 3509 887 3569 quum
909 3489 1055 3570 permulta
1078 3493 1190 3570 extent,

154 3612 214 3672 duo
242 3609 371 3672 sufficiat
398 3609 567 3672 nominare:
611 3607 690 3672 Mus.
716 3605 819 3673 Blacas
842 3608 900 3671 tab.
921 3605 960 3682 9,
993 3612 1025 3669 et
1046 3605 1190 3670 Gerhartl.

179 3909 207 3974 *)
225 3909 314 3959 liceat
330 3909 399 3959 enirn
421 3911 460 3960 sio
482 3911 608 3973 appellare
633 3922 721 3974 parvas
744 3921 819 3960 ansas
842 3911 982 3961 secundum
1007 3911 1189 3963 horizontalam

224 3993 318 4066 tiuaam
336 3995 475 4058 appositas,
495 3995 644 4056 plerumque
661 4006 763 4046 sursum
781 3996 872 4059 tlaras;
889 3995 1006 4058 quamvis
1024 4009 1099 4046 namo
1118 3996 1191 4046 Lati·

225 4091 284 4142 nus,
301 4080 378 4143 quou-
389 4079 518 4142 saiamus‚
536 4078 634 4130 dixerit
