2906 4716
633 262 656 325 5

111 467 283 546 habebant,
319 473 353 529 ut
381 469 411 528 in
432 467 569 546 Etruria,
601 465 728 546 Apulia,
759 465 891 528 Lucania
912 475 952 540 (v.
975 467 1057 532 lion.
1077 468 1158 532 loed.

110 585 250 648 lustituti
275 583 403 646 Romani
426 584 483 647 vol.
505 583 537 664 l,
570 581 630 646 tab.
652 578 791 661 cto-43,
812 589 844 646 et
864 584 975 648 Leuoir
994 585 1106 666 aliique
1128 589 1158 648 iu

110 702 277 768 Annalium
300 703 359 764 rol.
382 701 435 784 lV,
458 721 486 782 p.
507 695 704 782 afta-2953
725 701 839 766 ldillin:
861 703 921 766 Les
942 703 1101 766 tombeaux
1122 705 1159 766 de

111 819 266 901 canosa),
294 827 364 900 aut,
386 820 438 882 ubl
460 825 566 882 natura
586 819 644 882 loci
666 819 838 896 deficiebat,
860 841 898 884 ex
918 822 1066 902 lapidibus
1086 841 1159 884 oon·

111 941 247 1017 structa,
273 941 367 1018 dirum
388 939 438 1000 atii
459 937 612 1000 laterculis
637 937 684 1000 vel
706 939 799 1000 etiam
821 939 899 1002 nuda
922 944 1002 1002 term
1023 943 1156 1002 contenti

111 1061 215 1117 essent
237 1056 318 1130 (rid.
331 1037 431 1118 torio:
453 1055 575 1118 bletodo
596 1073 651 1136 per
672 1058 824 1118 rinvenire
845 1075 862 1118 e
883 1057 1004 1136 iurgare
1026 1061 1036 1120 i
1058 1059 1156 1138 sepol-

112 1175 155 1234 cri
178 1174 262 1252 degli
284 1175 417 1254 antichi,
447 1173 555 1253 Nepoti
578 1166 679 1255 18243
721 1173 880 1254 Gargiulo:
913 1173 1077 1240 collection
1104 1176 1158 1238 des

111 1291 288 1354 differentes
314 1292 426 1354 formes
450 1292 503 1354 des
531 1309 618 1354 reses
647 1291 856 1371 italo-Gneus,
890 1294 961 1360 ibid.
992 1287 1095 1372 1822,
1127 1299 1159 1356 et

111 1408 206 1472 Canni
217 1410 298 1474 sulla
308 1411 440 1472 muniere
451 1411 480 1472 di
492 1412 640 1472 rinveuire
652 1412 662 1472 i
673 1413 734 1472 vasi
745 1410 835 1490 fieriu,
852 1412 921 1476 ibid.
934 1407 1027 1476 1831.
1049 1410 1157 1492 lmpri·

112 1529 169 1590 mis
179 1533 285 1590 autem
297 1528 335 1590 de
346 1531 426 1590 omni
438 1529 492 1592 bac
503 1547 537 1594 re
548 1531 667 1610 egregie
677 1530 839 1608 disputavit
850 1530 983 1594 Abelren:
996 1529 1155 1592 blittelita·

111 1644 170 1707 lien
182 1646 423 1708 vordenZeiten
435 1646 793 1729 romiscberllerrscbalt,
814 1642 908 1727 1843,
919 1665 948 1726 p.
956 1642 1154 1723 ffiss—ffll).

196 1763 239 1826 Ut
262 1769 365 1828 autern
387 1783 445 1826 nou
467 1767 564 1828 sotum
586 1770 651 1827 tuto
674 1767 873 1845 quiescerent,
906 1765 959 1826 sed
978 1767 1071 1828 etiam
1092 1765 1156 1828 elo-

113 1886 218 1959 ganter
240 1888 293 1962 et,
323 1901 417 1962 prope
438 1884 578 1964 dixerim,
601 1884 772 1965 commode,
795 1887 829 1944 ut
849 1885 902 1962 qui
924 1883 953 1943 in
976 1884 1035 1943 vita
1058 1880 1166 1976 luerat

113 2006 289 2080 apparatus,
325 2019 362 2060 ne
383 2004 511 2064 mortuis
532 2003 652 2080 quidem
675 2003 802 2082 deesset,
825 2005 915 2064 etiam
935 2000 1000 2064 bac
1022 2005 1155 2062 extrema

114 2117 252 2180 cubicula
275 2120 356 2180 omni
378 2125 485 2182 ornatu
507 2122 721 2182 instruxerunt.
752 2118 826 2180 lnde
846 2121 979 2197 parietes
1000 2118 1155 2196 hypogeo·

113 2253 177 2298 rum
205 2235 420 2316 AEgyptiomm
452 2238 609 2317 multiplici
642 2240 756 2316 pictura
788 2240 885 2300 ornati
913 2241 1001 2317 sunt,
1042 2254 1096 2296 nec
1126 2238 1154 2296 in

113 2350 226 2415 Grecis
249 2359 283 2416 et
304 2353 390 2416 ltalia
419 2355 518 2418 minus
546 2356 681 2434 vulgatus
710 2360 775 2416 erat
802 2356 852 2416 hie
875 2373 938 2415 mos
961 2354 1037 2432 (vid.
1058 2352 1094 2414 ll.
1117 2351 1153 2413 0.

114 2467 387 2534 bltllleriArcboeol.
400 2468 503 2553 9177,
514 2473 638 2536 Abelren
650 2473 670 2535 Ι.
680 2467 804 2550 aptat
813 2488 902 2550 squ,
921 2472 1019 2530 rarius
1030 2469 1152 2548 anagly-

114 2588 178 2664 pbis
189 2593 340 2652 ornantur
351 2592 490 2673 parietes,
510 2598 543 2654 ut
551 2590 672 2654 Canusii
683 2587 861 2662 (vidldillin
874 2587 893 2650 Ι.
903 2588 951 2661 l),
963 2591 1015 2648 aut
1027 2589 1154 2664 inscrip-

114 2707 150 2766 tis
161 2706 284 2787 litteris,
292 2707 415 2770 utCare
426 2709 633 2788 (vid.Lepsius
645 2704 865 2770 inAnnal.lnst.
878 2706 934 2767 vol.
943 2703 1058 2784 Vlll,p.
1066 2700 1154 2780 195).

113 2822 348 2904 deponebantur
364 2828 474 2888 mortui
491 2826 765 2904 restiti'etarmsti3
789 2823 972 2885 addebantur
983 2829 1156 2884 ornamenta

113 2945 143 3001 et
162 2943 223 3006 alia
252 2944 290 3006 ad
319 2945 463 3006 mundum
491 2947 625 3023 corporis
654 2945 849 3023 pertinentia,
884 2942 1027 3021 imprimis
1053 2945 1153 3002 autem

113 3076 192 3122 vasa.
248 3060 322 3124 llaec
348 3080 441 3142 quum
467 3064 616 3124 interdum
638 3062 765 3140 cibaria,
798 3061 913 3138 oleum,
946 3061 1064 3132 vinum,
1097 3058 1154 3118 alia

114 3179 334 3259 continuerint,
367 3182 533 3260 saepissime
561 3181 699 3242 videntur
727 3195 819 3240 vacua
846 3178 942 3256 posita
965 3173 1075 3252 luisse,
1108 3176 1154 3236 vei

114 3299 237 3358 ornandi
261 3315 368 3376 causa,
401 3299 453 3377 qui
476 3299 506 3358 in
528 3299 588 3359 vita
610 3296 706 3358 luerat
733 3312 870 3358 vasorum
893 3309 965 3354 usus
986 3292 1023 3354 ad
1044 3307 1155 3352 ornan·

115 3412 167 3474 dos
186 3415 311 3493 abacos,
333 3415 379 3478 rel
402 3433 440 3476 ne
460 3417 567 3476 domus
586 3413 771 3492 supellectile
792 3430 847 3474 sua
869 3416 1043 3473 careret-
1065 3425 1154 3486 quam

113 3530 149 3590 ab
176 3551 244 3594 rem
273 3535 365 3594 ctiam
394 3549 525 3594 mensam
553 3532 688 3592 ridemus
717 3533 747 3592 in
775 3530 911 3610 sepulcm
934 3528 1153 3605 Tarquiniensi,
1216 3553 1220 3562 ·

114 3651 191 3725 quod
213 3655 370 3730 spectetur
391 3650 581 3730 dignissimo,
603 3649 682 3728 quod
705 3648 836 3728 vulgavit
857 3644 889 3708 C.
913 3645 1017 3706 bvolta
1040 3645 1068 3702 iu
1091 3644 1155 3706 An·

115 3766 172 3830 nal.
218 3766 422 3847 Instanti,
444 3786 473 3846 p.
494 3761 534 3828 91
558 3783 625 3845 sqq.
648 3766 708 3828 tob.
730 3765 764 3824 B.

197 3884 311 3963 Magno
342 3887 497 3948 nationum
529 3901 677 3944 consensu
710 3881 770 3943 iero
793 3899 984 3961 peromnem
1007 3887 1155 3944 terrarum

115 4001 217 4064 orbem
233 4003 386 4064 iuvenitur
408 4003 457 4063 bic
479 4018 556 4075 mos,
578 4006 613 4061 ut
634 4017 702 4061 rosa
724 4018 792 4061 cum
815 4000 938 4060 mortuis
961 3997 1154 4078 sepeliantur,

115 4118 182 4180 inde
204 4121 243 4182 ab
263 4120 395 4200 AEgypto
417 4119 454 4180 ad
476 4117 630 4180 Oceanum
651 4116 816 4196 borealem,
838 4121 869 4176 et
890 4115 968 4178 ultra
990 4115 1154 4194 Oceanum,
