2906 4716
778 239 824 304 50

277 439 433 508 ἁπάντων
452 441 602 520 λέξαντες
622 441 840 523 κατέδαψαν,
873 449 905 504 et
934 445 965 504 in
993 442 1084 530 Aniin
1113 443 1174 507 Pei.
1203 445 1250 524 ii,
1285 441 1324 507 l:

277 562 422 642 πένθιμε
443 563 573 640 κρωσσέ.
615 557 661 620 Cf.
683 558 755 620 ibid.
779 559 830 640 vi,
851 551 884 624 8.
1274 644 1277 650 Ι

362 677 407 738 De
428 676 522 738 torma
544 677 684 758 κρωστοῦ
703 677 778 738 nihil
793 677 931 754 traditur,
954 679 1011 738 nisi
1034 680 1107 758 quid
1129 677 1196 745 elici
1218 687 1323 760 potest

278 815 316 856 ex
336 793 493 874 Sophoclis
514 795 580 855 ioco
602 797 709 856 citato:
732 789 779 859 niv
799 790 886 878 κρᾶτ’
895 793 1025 878 ’ἔρεψαν
1045 800 1100 860 καὶ
1120 793 1227 880 λαβὰς
1248 795 1318 880 ἆμ-

278 910 459 995 φτστόμους.
502 911 635 974 Penoiim
667 912 725 990 iii,
757 909 801 974 57
833 915 877 974 eie
910 915 1043 975 nominet
1073 933 1142 993 ves,
1176 921 1321 994 quattuor

279 1047 367 1092 enses
387 1030 517 1107 hebens,
550 1047 731 1110 quemquem
760 1047 797 1092 ex
824 1030 981 1111 Sophoclis
1002 1031 1069 1094 loeo
1090 1031 1169 1096 eiiiei
1190 1034 1319 1114 uidetur,

279 1149 353 1214 duee
374 1148 525 1212 hebuime.

690 1351 916 1362 -···—-—--

349 1551 397 1602 iiie
417 1551 539 1614 expositis
557 1551 589 1601 de
606 1548 767 1614 nominibus,
785 1549 837 1599 iem
853 1555 1013 1601 transeamus
1031 1552 1063 1602 nd
1081 1552 1137 1616 ipse
1154 1553 1242 1603 uetitis
1260 1565 1319 1604 mse

279 1653 399 1719 entique,
418 1665 475 1714 qun
493 1651 575 1714 ptime
592 1649 670 1702 hnins'
687 1651 836 1713 questionis
853 1663 929 1700 ceusu
948 1651 1010 1718 tuit,
1027 1666 1166 1715 eorumque
1183 1655 1320 1718 descriptis

279 1753 426 1819 generibus,
451 1743 630 1816 qnod‘c‘ntque
647 1765 740 1802 nomen
758 1751 900 1815 conveniet,
918 1753 1001 1816 uuend
1020 1754 1077 1804 eius
1094 1755 1148 1804 iieri
1167 1757 1256 1820 possit,
1274 1755 1321 1804 iu-

278 1855 412 1919 dicemus,
438 1869 485 1906 uec
510 1855 615 1905 omuino
640 1854 746 1919 moitis,
772 1859 800 1904 ut
817 1855 844 1904 in
862 1854 1047 1906 introductione
1070 1855 1182 1906 diximus
1200 1854 1240 1918 (p.
1257 1854 1318 1921 23),

280 1963 379 2007 utentes
396 1956 554 2018 nominibus,
572 1967 619 2005 nec
636 1961 760 2017 quotquot
777 1955 877 2017 species
894 1967 1011 2006 vesorum
1030 1957 1216 2020 distinguendo
1228 1958 1320 2012 tideu-

279 2064 330 2124 tur,
349 2070 392 2108 ees
411 2059 498 2118 utique
516 2057 648 2108 nominum
666 2069 773 2106 numero
792 2061 931 2117 equentes.
1084 2027 1087 2034 Δ

347 2157 463 2207 Primum
481 2158 618 2207 discrimen
636 2169 755 2207 anserum
775 2163 826 2222 est,
845 2169 1050 2220 quorumquam
1068 2159 1159 2220 duplex
1176 2171 1258 2220 genus
1275 2159 1319 2224 sit,

279 2271 336 2321 uun
354 2260 386 2309 nd
404 2259 615 2322 perpendiculum
634 2264 742 2309 extense
759 2255 828 2322 suut‘,
854 2259 957 2322 proprio
974 2259 1079 2310 nomine
1096 2273 1175 2309 umes
1192 2261 1319 2325 dicemus,

279 2373 323 2411 eus
341 2373 409 2425 vern,
436 2374 492 2422 unu
510 2361 652 2412 secundum
671 2360 867 2424 mummolum,
895 2373 972 2422 quem
990 2361 1093 2425 dieunt,
1117 2361 1209 2414 iineem
1228 2363 1319 2424 positu

239 2477 247 2486 ·“
263 2467 349 2528 sunt,
368 2468 397 2512 ut
413 2475 491 2514 auree
508 2462 660 2524 diceremus,
679 2463 783 2514 concedi
802 2473 879 2525 pesse
896 2463 1042 2528 putavimus
1059 2461 1149 2528 (sunm
1166 2477 1191 2526 p.
1209 2463 1266 2528 te).

347 2564 390 2616 Ab
408 2565 478 2615 eneis
496 2564 600 2627 uenienti
618 2564 802 2626 distinguimus
834 2563 864 2628 i)
881 2576 910 2613 en
928 2575 995 2628 veen,
1021 2575 1078 2626 qun
1095 2566 1160 2635 dues
1178 2577 1253 2616 nuens
1270 2563 1321 2616 im·

279 2666 354 2730 nent,
381 2655 458 2728 nuum
485 2666 517 2716 oh
535 2677 639 2716 oensem
659 2670 726 2716 reete
744 2664 871 2726 emptore
888 2665 1062 2731 enuntientur,
1087 2677 1242 2728 quemquem
1260 2665 1320 2728 pie-

278 2778 358 2828 ruque
385 2779 473 2816 corum
500 2767 577 2816 etiam
604 2766 715 2830 genereii
740 2765 844 2816 nomine
870 2761 963 2838 ὑδρίαι
986 2772 1012 2816 et
1027 2765 1156 2822 udinedec
1174 2771 1251 2816 erent
1286 2764 1319 2830 ti)

279 2866 343 2928 Qun
361 2879 438 2916 unam
457 2879 545 2917 nusum
564 2869 666 2932 hebent,
692 2867 843 2929 pierumque
861 2868 960 2918 duobus
978 2869 1099 2918 eurieuiis
1117 2869 1224 2931 edditis,
1251 2879 1320 2928 quo-

279 2981 336 3018 rum
364 2969 508 3030 precipuus
532 2979 595 3018 usus
617 2973 671 3018 erut
693 2969 718 3018 in
741 2979 806 3030 nque
833 2969 985 3034 hauriendo,
1014 2969 1095 3031 magis
1121 2969 1223 3032 proprie
1249 2981 1320 3018 utun

279 3070 399 3121 dicuntur
415 3069 469 3120 sive
486 3063 580 3142 copta·
598 3074 623 3120 et
645 3067 780 3124 xdiuedec.
798 3067 828 3134 3)
846 3069 910 3131 Qun
927 3081 1015 3120 ensem
1032 3082 1110 3133 supra
1126 3082 1156 3120 os
1173 3073 1320 3138 surgentem

279 3172 388 3235 nubent,
414 3171 474 3234 quie
497 3171 530 3221 nd
553 3183 645 3234 equum
668 3177 799 3234 eruntne
818 3171 956 3222 tollendum
974 3179 1033 3234 epte
1050 3172 1183 3237 uidentur,
1211 3170 1321 3220 tonusse

279 3273 370 3337 situlae,
388 3270 468 3324 κάδοι
485 3273 612 3335 concitati
630 3278 746 3336 pessunt.
764 3271 795 3338 4)
814 3274 878 3335 Qun
897 3275 967 3324 nnsis
984 3278 1080 3338 curent,
1098 3273 1199 3336 generis
1216 3270 1322 3322 numine

281 3387 349 3426 urum
368 3375 494 3439 dicentur,
521 3374 766 3438 emendetisque
784 3388 835 3425 nen
853 3375 885 3425 ed
903 3387 1066 3426 communem
1084 3375 1140 3424 vitm
1158 3386 1245 3438 usum,
1273 3371 1321 3425 sed

279 3476 311 3526 ed
329 3487 428 3527 merces
446 3478 612 3540 exportuudes
629 3475 741 3527 edhihite'
759 3481 833 3541 eunt3
851 3477 905 3528 huc
922 3473 1060 3544 στάμνονς
1078 3481 1103 3527 et
1119 3477 1212 3542 βίκους
1228 3472 1321 3536 eppei-

280 3575 332 3629 inre
350 3575 418 3627 iicet.

790 3714 813 3776 1.

718 3865 882 3946 Ampium.

347 4015 457 4066 Secretis
476 4016 588 4078 primum
606 4017 736 4078 emptionis
754 4017 807 4067 itiis
825 4031 876 4068 nou
894 4017 980 4082 pictis,
998 4029 1055 4079 qum
1072 3975 1193 4067 interiore¹
1210 4017 1279 4077 perte
1294 4013 1323 4062 in

279 4101 382 4168 neutum
400 4101 577 4168 desinentem
596 4121 687 4168 terrem
705 4119 899 4170 detodiebentur
915 4118 947 4169 ud
966 4111 1118 4170 servendum
1142 4117 1228 4168 einum
1253 4113 1325 4164 etin-
