<?xml version="1.0" encoding="UTF-8"?>
<!DOCTYPE html PUBLIC "-//W3C//DTD XHTML 1.0 Transitional//EN"
    "http://www.w3.org/TR/xhtml1/DTD/xhtml1-transitional.dtd">
<html xmlns="http://www.w3.org/1999/xhtml" xml:lang="en" lang="en">
 <head>
  <title>
</title>
<meta http-equiv="Content-Type" content="text/html;charset=utf-8" />
  <meta name='ocr-system' content='tesseract 3.04.00' />
  <meta name='ocr-capabilities' content='ocr_page ocr_carea ocr_par ocr_line ocrx_word'/>
</head>
<body>
  <div class='ocr_page' id='page_1' title='image "./denominibusvaso00ussigoog_0030.png"; bbox 0 0 2906 4716; ppageno 0'>
   <div class='ocr_carea' id='block_1_1' title="bbox 591 265 634 330">
    <p class='ocr_par' dir='ltr' id='par_1_1' title="bbox 591 265 634 330">
     <span class='ocr_line' id='line_1_1' title="bbox 591 265 634 330; baseline 0 0"><span class='ocrx_word' id='word_1_1' title='bbox 591 265 634 330; x_wconf 76' lang='lat'>23</span> 
     </span>
    </p>
   </div>
   <div class='ocr_carea' id='block_1_2' title="bbox 500 349 720 362">
    <p class='ocr_par' dir='ltr' id='par_1_2' title="bbox 500 349 720 362">
     <span class='ocr_line' id='line_1_2' title="bbox 500 349 720 362; baseline 0.018 -4"><span class='ocrx_word' id='word_1_2' title='bbox 500 349 720 362; x_wconf 76' lang='lat'><strong>——-.·.----·--</strong></span> 
     </span>
    </p>
   </div>
   <div class='ocr_carea' id='block_1_3' title="bbox 78 468 1133 788">
    <p class='ocr_par' dir='ltr' id='par_1_3' title="bbox 78 468 1133 788">
     <span class='ocr_line' id='line_1_3' title="bbox 78 468 1133 558; baseline 0.002 -28"><span class='ocrx_word' id='word_1_3' title='bbox 78 471 155 547; x_wconf 77' lang='lat' dir='ltr'>dem,</span> <span class='ocrx_word' id='word_1_4' title='bbox 180 487 232 530; x_wconf 85' lang='lat' dir='ltr'>me</span> <span class='ocrx_word' id='word_1_5' title='bbox 258 471 299 532; x_wconf 86' lang='lat' dir='ltr'>nd</span> <span class='ocrx_word' id='word_1_6' title='bbox 326 471 415 532; x_wconf 85' lang='lat' dir='ltr'>finem</span> <span class='ocrx_word' id='word_1_7' title='bbox 438 469 611 549; x_wconf 82' lang='lat' dir='ltr'>perduxisse</span> <span class='ocrx_word' id='word_1_8' title='bbox 633 468 709 528; x_wconf 90' lang='lat' dir='ltr'>hanc</span> <span class='ocrx_word' id='word_1_9' title='bbox 723 487 807 558; x_wconf 28' lang='lat' dir='ltr'>‘reuq</span> <span class='ocrx_word' id='word_1_10' title='bbox 831 471 882 532; x_wconf 91' lang='lat' dir='ltr'>sed</span> <span class='ocrx_word' id='word_1_11' title='bbox 907 473 935 532; x_wconf 95' lang='lat' dir='ltr'>in</span> <span class='ocrx_word' id='word_1_12' title='bbox 951 470 1043 534; x_wconf 86' lang='lat' dir='ltr'>loturi</span> <span class='ocrx_word' id='word_1_13' title='bbox 1058 477 1133 532; x_wconf 89' lang='lat' dir='ltr'>tern-</span> 
     </span>
     <span class='ocr_line' id='line_1_4' title="bbox 79 579 1133 668; baseline 0.005 -21"><span class='ocrx_word' id='word_1_14' title='bbox 79 591 160 666; x_wconf 86' lang='lat' dir='ltr'>poris</span> <span class='ocrx_word' id='word_1_15' title='bbox 182 607 276 668; x_wconf 89' lang='lat' dir='ltr'>spem</span> <span class='ocrx_word' id='word_1_16' title='bbox 302 579 450 667; x_wconf 77' lang='lat' dir='ltr'>laboravi,</span> <span class='ocrx_word' id='word_1_17' title='bbox 483 593 514 648; x_wconf 94' lang='lat' dir='ltr'>et</span> <span class='ocrx_word' id='word_1_18' title='bbox 536 603 624 665; x_wconf 87' lang='lat' dir='ltr'>quam</span> <span class='ocrx_word' id='word_1_19' title='bbox 648 588 711 666; x_wconf 84' lang='lat' dir='ltr'>ipsc</span> <span class='ocrx_word' id='word_1_20' title='bbox 732 589 809 650; x_wconf 87' lang='lat' dir='ltr'>viam</span> <span class='ocrx_word' id='word_1_21' title='bbox 832 588 950 668; x_wconf 77' lang='lat' dir='ltr'>longana</span> <span class='ocrx_word' id='word_1_22' title='bbox 971 595 1003 652; x_wconf 88' lang='lat' dir='ltr'>et</span> <span class='ocrx_word' id='word_1_23' title='bbox 1025 591 1133 652; x_wconf 79' lang='lat' dir='ltr'>inviam</span> 
     </span>
     <span class='ocr_line' id='line_1_5' title="bbox 80 679 1133 788; baseline 0.002 -20"><span class='ocrx_word' id='word_1_24' title='bbox 80 705 308 784; x_wconf 77' lang='lat' dir='ltr'><strong>confecissem,</strong></span> <span class='ocrx_word' id='word_1_25' title='bbox 330 725 394 770; x_wconf 87' lang='lat' dir='ltr'>earu</span> <span class='ocrx_word' id='word_1_26' title='bbox 415 708 441 768; x_wconf 91' lang='lat' dir='ltr'>si</span> <span class='ocrx_word' id='word_1_27' title='bbox 463 725 521 767; x_wconf 91' lang='lat' dir='ltr'>non</span> <span class='ocrx_word' id='word_1_28' title='bbox 545 679 705 788; x_wconf 61' lang='lat' dir='ltr'>munitam,</span> <span class='ocrx_word' id='word_1_29' title='bbox 743 711 774 768; x_wconf 91' lang='lat' dir='ltr'>at</span> <span class='ocrx_word' id='word_1_30' title='bbox 795 705 948 786; x_wconf 83' lang='lat' dir='ltr'>aliquanto</span> <span class='ocrx_word' id='word_1_31' title='bbox 969 709 1133 788; x_wconf 84' lang='lat' dir='ltr'>expeditio·</span> 
     </span>
    </p>
   </div>
   <div class='ocr_carea' id='block_1_4' title="bbox 80 824 1134 2444">
    <p class='ocr_par' dir='ltr' id='par_1_4' title="bbox 80 824 1134 1378">
     <span class='ocr_line' id='line_1_6' title="bbox 80 824 1133 904; baseline 0.004 -20"><span class='ocrx_word' id='word_1_32' title='bbox 80 841 141 884; x_wconf 87' lang='lat' dir='ltr'>rem</span> <span class='ocrx_word' id='word_1_33' title='bbox 164 828 286 889; x_wconf 83' lang='lat' dir='ltr'>ceteris</span> <span class='ocrx_word' id='word_1_34' title='bbox 312 827 479 904; x_wconf 81' lang='lat' dir='ltr'>relinquere</span> <span class='ocrx_word' id='word_1_35' title='bbox 501 824 666 904; x_wconf 82' lang='lat' dir='ltr'>cupiebam,</span> <span class='ocrx_word' id='word_1_36' title='bbox 688 829 859 902; x_wconf 86' lang='lat' dir='ltr'>contentus,</span> <span class='ocrx_word' id='word_1_37' title='bbox 882 826 908 888; x_wconf 89' lang='lat' dir='ltr'>si</span> <span class='ocrx_word' id='word_1_38' title='bbox 929 827 1054 889; x_wconf 87' lang='lat' dir='ltr'>detectis</span> <span class='ocrx_word' id='word_1_39' title='bbox 1076 826 1133 888; x_wconf 89' lang='lat' dir='ltr'>nli·</span> 
     </span>
     <span class='ocr_line' id='line_1_7' title="bbox 81 939 1132 1021; baseline 0.004 -19"><span class='ocrx_word' id='word_1_40' title='bbox 81 962 165 1004; x_wconf 89' lang='lat' dir='ltr'>orum</span> <span class='ocrx_word' id='word_1_41' title='bbox 196 945 360 1006; x_wconf 87' lang='lat' dir='ltr'>erroribus</span> <span class='ocrx_word' id='word_1_42' title='bbox 379 939 548 1006; x_wconf 87' lang='lat' dir='ltr'>rectiorem</span> <span class='ocrx_word' id='word_1_43' title='bbox 576 943 728 1021; x_wconf 77' lang='lat' dir='ltr'>quarendi</span> <span class='ocrx_word' id='word_1_44' title='bbox 750 946 827 1006; x_wconf 81' lang='lat' dir='ltr'>riam</span> <span class='ocrx_word' id='word_1_45' title='bbox 850 951 1015 1008; x_wconf 85' lang='lat' dir='ltr'>monstraro</span> <span class='ocrx_word' id='word_1_46' title='bbox 1037 947 1132 1007; x_wconf 88' lang='lat' dir='ltr'>conti·</span> 
     </span>
     <span class='ocr_line' id='line_1_8' title="bbox 82 1061 1134 1142; baseline 0.005 -23"><span class='ocrx_word' id='word_1_47' title='bbox 82 1062 184 1138; x_wconf 78' lang='lat' dir='ltr'>gisset.</span> <span class='ocrx_word' id='word_1_48' title='bbox 231 1061 298 1125; x_wconf 89' lang='lat' dir='ltr'>Sed</span> <span class='ocrx_word' id='word_1_49' title='bbox 321 1067 479 1141; x_wconf 87' lang='lat' dir='ltr'>antequam</span> <span class='ocrx_word' id='word_1_50' title='bbox 503 1066 634 1124; x_wconf 87' lang='lat' dir='ltr'>nostram</span> <span class='ocrx_word' id='word_1_51' title='bbox 657 1065 802 1124; x_wconf 85' lang='lat' dir='ltr'>rationem</span> <span class='ocrx_word' id='word_1_52' title='bbox 824 1063 1022 1142; x_wconf 84' lang='lat' dir='ltr'>explicamus,</span> <span class='ocrx_word' id='word_1_53' title='bbox 1045 1063 1134 1126; x_wconf 82' lang='lat' dir='ltr'>liceat</span> 
     </span>
     <span class='ocr_line' id='line_1_9' title="bbox 82 1181 1133 1272; baseline 0.006 -34"><span class='ocrx_word' id='word_1_54' title='bbox 82 1181 241 1240; x_wconf 75' lang='lat' dir='ltr'>cautiones</span> <span class='ocrx_word' id='word_1_55' title='bbox 266 1182 413 1261; x_wconf 88' lang='lat' dir='ltr'>quasdam</span> <span class='ocrx_word' id='word_1_56' title='bbox 435 1197 613 1272; x_wconf 84' lang='lat' dir='ltr'>proponere,</span> <span class='ocrx_word' id='word_1_57' title='bbox 637 1199 704 1259; x_wconf 76' lang='lat' dir='ltr'>qua</span> <span class='ocrx_word' id='word_1_58' title='bbox 727 1197 906 1260; x_wconf 87' lang='lat' dir='ltr'>quamquam</span> <span class='ocrx_word' id='word_1_59' title='bbox 928 1182 1080 1262; x_wconf 73' lang='lat' dir='ltr'>simplices</span> <span class='ocrx_word' id='word_1_60' title='bbox 1102 1188 1133 1244; x_wconf 90' lang='lat' dir='ltr'>et</span> 
     </span>
     <span class='ocr_line' id='line_1_10' title="bbox 84 1297 890 1378; baseline 0.007 -24"><span class='ocrx_word' id='word_1_61' title='bbox 84 1297 286 1376; x_wconf 88' lang='lat' dir='ltr'>inpromptu</span> <span class='ocrx_word' id='word_1_62' title='bbox 310 1303 390 1375; x_wconf 84' lang='lat' dir='ltr'>suut,</span> <span class='ocrx_word' id='word_1_63' title='bbox 413 1303 513 1360; x_wconf 88' lang='lat' dir='ltr'>tamon</span> <span class='ocrx_word' id='word_1_64' title='bbox 538 1317 596 1360; x_wconf 93' lang='lat' dir='ltr'>non</span> <span class='ocrx_word' id='word_1_65' title='bbox 619 1317 738 1378; x_wconf 88' lang='lat' dir='ltr'>semper</span> <span class='ocrx_word' id='word_1_66' title='bbox 758 1305 890 1362; x_wconf 76' lang='lat' dir='ltr'>servate.</span> 
     </span>
    </p>

    <p class='ocr_par' dir='ltr' id='par_1_5' title="bbox 86 1414 1132 2088">
     <span class='ocr_line' id='line_1_11' title="bbox 180 1414 1132 1501; baseline 0.006 -27"><span class='ocrx_word' id='word_1_67' title='bbox 180 1414 324 1478; x_wconf 88' lang='lat' dir='ltr'>Primum</span> <span class='ocrx_word' id='word_1_68' title='bbox 354 1419 472 1480; x_wconf 90' lang='lat' dir='ltr'>usitatis</span> <span class='ocrx_word' id='word_1_69' title='bbox 506 1419 675 1480; x_wconf 90' lang='lat' dir='ltr'>nominibus</span> <span class='ocrx_word' id='word_1_70' title='bbox 708 1419 850 1480; x_wconf 87' lang='lat' dir='ltr'>utendum</span> <span class='ocrx_word' id='word_1_71' title='bbox 884 1423 947 1501; x_wconf 84' lang='lat' dir='ltr'>est,</span> <span class='ocrx_word' id='word_1_72' title='bbox 982 1437 1036 1482; x_wconf 84' lang='lat' dir='ltr'>neo</span> <span class='ocrx_word' id='word_1_73' title='bbox 1062 1420 1132 1498; x_wconf 84' lang='lat' dir='ltr'>quia</span> 
     </span>
     <span class='ocr_line' id='line_1_12' title="bbox 87 1535 1132 1618; baseline 0.008 -26"><span class='ocrx_word' id='word_1_74' title='bbox 87 1549 185 1594; x_wconf 86' lang='lat' dir='ltr'>rarum</span> <span class='ocrx_word' id='word_1_75' title='bbox 215 1535 344 1618; x_wconf 79' lang='lat' dir='ltr'>aliquod</span> <span class='ocrx_word' id='word_1_76' title='bbox 373 1551 479 1598; x_wconf 88' lang='lat' dir='ltr'>nomen</span> <span class='ocrx_word' id='word_1_77' title='bbox 509 1554 526 1598; x_wconf 84' lang='lat' dir='ltr'>a</span> <span class='ocrx_word' id='word_1_78' title='bbox 554 1538 746 1614; x_wconf 80' lang='lat' dir='ltr'>grammatico</span> <span class='ocrx_word' id='word_1_79' title='bbox 768 1537 868 1616; x_wconf 90' lang='lat' dir='ltr'>aliquo</span> <span class='ocrx_word' id='word_1_80' title='bbox 891 1539 933 1600; x_wconf 90' lang='lat' dir='ltr'>ita</span> <span class='ocrx_word' id='word_1_81' title='bbox 955 1537 1132 1618; x_wconf 81' lang='lat' dir='ltr'>explicatum</span> 
     </span>
     <span class='ocr_line' id='line_1_13' title="bbox 86 1655 1131 1734; baseline 0.008 -26"><span class='ocrx_word' id='word_1_82' title='bbox 86 1656 146 1728; x_wconf 87' lang='lat' dir='ltr'>est,</span> <span class='ocrx_word' id='word_1_83' title='bbox 182 1659 219 1715; x_wconf 88' lang='lat' dir='ltr'>ut</span> <span class='ocrx_word' id='word_1_84' title='bbox 242 1655 409 1732; x_wconf 81' lang='lat' dir='ltr'>descriptio</span> <span class='ocrx_word' id='word_1_85' title='bbox 431 1656 496 1716; x_wconf 89' lang='lat' dir='ltr'>eins</span> <span class='ocrx_word' id='word_1_86' title='bbox 518 1657 676 1716; x_wconf 85' lang='lat' dir='ltr'>convenire</span> <span class='ocrx_word' id='word_1_87' title='bbox 699 1656 793 1734; x_wconf 88' lang='lat' dir='ltr'>possit</span> <span class='ocrx_word' id='word_1_88' title='bbox 815 1673 884 1716; x_wconf 89' lang='lat' dir='ltr'>cunr</span> <span class='ocrx_word' id='word_1_89' title='bbox 905 1673 959 1731; x_wconf 86' lang='lat' dir='ltr'>eo,</span> <span class='ocrx_word' id='word_1_90' title='bbox 992 1657 1071 1734; x_wconf 96' lang='lat' dir='ltr'>quod</span> <span class='ocrx_word' id='word_1_91' title='bbox 1100 1659 1131 1718; x_wconf 93' lang='lat' dir='ltr'>in</span> 
     </span>
     <span class='ocr_line' id='line_1_14' title="bbox 88 1769 1132 1854; baseline 0.008 -26"><span class='ocrx_word' id='word_1_92' title='bbox 88 1769 225 1832; x_wconf 90' lang='lat' dir='ltr'>manibus</span> <span class='ocrx_word' id='word_1_93' title='bbox 238 1777 299 1853; x_wconf 84' lang='lat' dir='ltr'>est,</span> <span class='ocrx_word' id='word_1_94' title='bbox 323 1773 452 1853; x_wconf 84' lang='lat' dir='ltr'>vasculo,</span> <span class='ocrx_word' id='word_1_95' title='bbox 465 1775 605 1836; x_wconf 88' lang='lat' dir='ltr'>continuo</span> <span class='ocrx_word' id='word_1_96' title='bbox 616 1774 833 1854; x_wconf 65' lang='lat' dir='ltr'>arripiendum</span> <span class='ocrx_word' id='word_1_97' title='bbox 856 1775 915 1834; x_wconf 89' lang='lat' dir='ltr'>iuro</span> <span class='ocrx_word' id='word_1_98' title='bbox 927 1773 965 1835; x_wconf 92' lang='lat' dir='ltr'>ob</span> <span class='ocrx_word' id='word_1_99' title='bbox 977 1775 1007 1833; x_wconf 94' lang='lat' dir='ltr'>id</span> <span class='ocrx_word' id='word_1_100' title='bbox 1024 1776 1132 1852; x_wconf 87' lang='lat' dir='ltr'>ipsum,</span> 
     </span>
     <span class='ocr_line' id='line_1_15' title="bbox 90 1888 1131 1969; baseline 0.003 -21"><span class='ocrx_word' id='word_1_101' title='bbox 90 1888 156 1962; x_wconf 82' lang='lat' dir='ltr'>quia</span> <span class='ocrx_word' id='word_1_102' title='bbox 177 1907 285 1952; x_wconf 87' lang='lat' dir='ltr'>rarum</span> <span class='ocrx_word' id='word_1_103' title='bbox 308 1897 340 1952; x_wconf 92' lang='lat' dir='ltr'>et</span> <span class='ocrx_word' id='word_1_104' title='bbox 362 1891 513 1952; x_wconf 87' lang='lat' dir='ltr'>insolitum</span> <span class='ocrx_word' id='word_1_105' title='bbox 535 1892 709 1954; x_wconf 87' lang='lat' dir='ltr'>vocabulum</span> <span class='ocrx_word' id='word_1_106' title='bbox 732 1894 792 1966; x_wconf 52' lang='lat' dir='ltr'>estq</span> <span class='ocrx_word' id='word_1_107' title='bbox 815 1891 1050 1969; x_wconf 84' lang='lat' dir='ltr'>aspernandum:</span> <span class='ocrx_word' id='word_1_108' title='bbox 1075 1892 1131 1952; x_wconf 91' lang='lat' dir='ltr'>nisi</span> 
     </span>
     <span class='ocr_line' id='line_1_16' title="bbox 91 2003 997 2088; baseline 0.01 -25"><span class='ocrx_word' id='word_1_109' title='bbox 91 2003 165 2067; x_wconf 83' lang='lat' dir='ltr'>lorts</span> <span class='ocrx_word' id='word_1_110' title='bbox 186 2025 242 2070; x_wconf 82' lang='lat' dir='ltr'>vos</span> <span class='ocrx_word' id='word_1_111' title='bbox 266 2012 364 2088; x_wconf 85' lang='lat' dir='ltr'>ipsum</span> <span class='ocrx_word' id='word_1_112' title='bbox 387 2029 445 2072; x_wconf 92' lang='lat' dir='ltr'>non</span> <span class='ocrx_word' id='word_1_113' title='bbox 469 2012 566 2072; x_wconf 89' lang='lat' dir='ltr'>miuus</span> <span class='ocrx_word' id='word_1_114' title='bbox 589 2029 689 2072; x_wconf 89' lang='lat' dir='ltr'>rarum</span> <span class='ocrx_word' id='word_1_115' title='bbox 711 2015 759 2070; x_wconf 89' lang='lat' dir='ltr'>est</span> <span class='ocrx_word' id='word_1_116' title='bbox 781 2015 813 2072; x_wconf 92' lang='lat' dir='ltr'>et</span> <span class='ocrx_word' id='word_1_117' title='bbox 835 2009 997 2072; x_wconf 88' lang='lat' dir='ltr'>insolitum.</span> 
     </span>
    </p>

    <p class='ocr_par' dir='ltr' id='par_1_6' title="bbox 94 2125 1133 2444">
     <span class='ocr_line' id='line_1_17' title="bbox 172 2125 1133 2210; baseline 0.004 -26"><span class='ocrx_word' id='word_1_118' title='bbox 172 2125 253 2190; x_wconf 91' lang='lat' dir='ltr'>Tum</span> <span class='ocrx_word' id='word_1_119' title='bbox 277 2133 410 2207; x_wconf 80' lang='lat' dir='ltr'>ternpore</span> <span class='ocrx_word' id='word_1_120' title='bbox 433 2134 572 2192; x_wconf 86' lang='lat' dir='ltr'>accurato</span> <span class='ocrx_word' id='word_1_121' title='bbox 595 2129 734 2207; x_wconf 79' lang='lat' dir='ltr'>notanda,</span> <span class='ocrx_word' id='word_1_122' title='bbox 757 2145 825 2210; x_wconf 84' lang='lat' dir='ltr'>neo,</span> <span class='ocrx_word' id='word_1_123' title='bbox 847 2130 872 2190; x_wconf 88' lang='lat' dir='ltr'>si</span> <span class='ocrx_word' id='word_1_124' title='bbox 897 2129 960 2190; x_wconf 76' lang='lat' dir='ltr'>haec</span> <span class='ocrx_word' id='word_1_125' title='bbox 981 2144 1052 2190; x_wconf 85' lang='lat' dir='ltr'>vasa</span> <span class='ocrx_word' id='word_1_126' title='bbox 1069 2125 1133 2188; x_wconf 86' lang='lat' dir='ltr'>llo-</span> 
     </span>
     <span class='ocr_line' id='line_1_18' title="bbox 94 2244 1131 2326; baseline 0.005 -25"><span class='ocrx_word' id='word_1_127' title='bbox 94 2244 208 2306; x_wconf 82' lang='lat' dir='ltr'>mericae</span> <span class='ocrx_word' id='word_1_128' title='bbox 231 2249 331 2312; x_wconf 82' lang='lat' dir='ltr'>aetatis</span> <span class='ocrx_word' id='word_1_129' title='bbox 354 2264 412 2306; x_wconf 93' lang='lat' dir='ltr'>non</span> <span class='ocrx_word' id='word_1_130' title='bbox 435 2246 571 2326; x_wconf 84' lang='lat' dir='ltr'>luerunt,</span> <span class='ocrx_word' id='word_1_131' title='bbox 604 2246 772 2308; x_wconf 80' lang='lat' dir='ltr'>Homericis</span> <span class='ocrx_word' id='word_1_132' title='bbox 795 2247 964 2308; x_wconf 87' lang='lat' dir='ltr'>nominibus</span> <span class='ocrx_word' id='word_1_133' title='bbox 986 2248 1030 2306; x_wconf 95' lang='lat' dir='ltr'>uti</span> <span class='ocrx_word' id='word_1_134' title='bbox 1053 2247 1131 2308; x_wconf 90' lang='lat' dir='ltr'>licet.</span> 
     </span>
     <span class='ocr_line' id='line_1_19' title="bbox 94 2355 1133 2444; baseline 0.006 -24"><span class='ocrx_word' id='word_1_135' title='bbox 94 2355 191 2435; x_wconf 87' lang='lat' dir='ltr'>Quum</span> <span class='ocrx_word' id='word_1_136' title='bbox 214 2366 310 2444; x_wconf 77' lang='lat' dir='ltr'>igitur</span> <span class='ocrx_word' id='word_1_137' title='bbox 331 2367 491 2427; x_wconf 85' lang='lat' dir='ltr'>viderimus</span> <span class='ocrx_word' id='word_1_138' title='bbox 513 2369 559 2444; x_wconf 87' lang='lat' dir='ltr'>(p.</span> <span class='ocrx_word' id='word_1_139' title='bbox 584 2361 650 2444; x_wconf 82' lang='lat'>15),</span> <span class='ocrx_word' id='word_1_140' title='bbox 674 2366 785 2444; x_wconf 80' lang='lat' dir='ltr'>optima</span> <span class='ocrx_word' id='word_1_141' title='bbox 807 2370 838 2426; x_wconf 90' lang='lat' dir='ltr'>et</span> <span class='ocrx_word' id='word_1_142' title='bbox 859 2365 1057 2444; x_wconf 87' lang='lat' dir='ltr'>pulcherrima</span> <span class='ocrx_word' id='word_1_143' title='bbox 1078 2365 1133 2426; x_wconf 77' lang='lat' dir='ltr'>nt-</span> 
     </span>
    </p>
   </div>
   <div class='ocr_carea' id='block_1_5' title="bbox 94 2477 1256 2563">
    <p class='ocr_par' dir='ltr' id='par_1_7' title="bbox 94 2477 1256 2563">
     <span class='ocr_line' id='line_1_20' title="bbox 94 2477 1256 2563; baseline 0.013 -28"><span class='ocrx_word' id='word_1_144' title='bbox 94 2477 149 2540; x_wconf 89' lang='lat' dir='ltr'>lica</span> <span class='ocrx_word' id='word_1_145' title='bbox 170 2499 259 2555; x_wconf 87' lang='lat' dir='ltr'>esse,</span> <span class='ocrx_word' id='word_1_146' title='bbox 282 2489 331 2562; x_wconf 87' lang='lat' dir='ltr'>et,</span> <span class='ocrx_word' id='word_1_147' title='bbox 356 2487 389 2544; x_wconf 89' lang='lat' dir='ltr'>ut</span> <span class='ocrx_word' id='word_1_148' title='bbox 412 2483 564 2562; x_wconf 82' lang='lat' dir='ltr'>probabile</span> <span class='ocrx_word' id='word_1_149' title='bbox 587 2484 768 2563; x_wconf 54' lang='lat' dir='ltr'>estsquinti</span> <span class='ocrx_word' id='word_1_150' title='bbox 792 2487 823 2543; x_wconf 92' lang='lat' dir='ltr'>et</span> <span class='ocrx_word' id='word_1_151' title='bbox 846 2485 922 2544; x_wconf 79' lang='lat' dir='ltr'>sexti</span> <span class='ocrx_word' id='word_1_152' title='bbox 944 2483 1057 2561; x_wconf 74' lang='lat' dir='ltr'>sarculi,</span> <span class='ocrx_word' id='word_1_153' title='bbox 1079 2501 1130 2544; x_wconf 91' lang='lat' dir='ltr'>an·</span> <span class='ocrx_word' id='word_1_154' title='bbox 1255 2544 1256 2550; x_wconf 75' lang='grc'>,</span> 
     </span>
    </p>
   </div>
   <div class='ocr_carea' id='block_1_6' title="bbox 95 2595 1133 3154">
    <p class='ocr_par' dir='ltr' id='par_1_8' title="bbox 95 2595 1133 3020">
     <span class='ocr_line' id='line_1_21' title="bbox 95 2595 1132 2682; baseline 0.007 -29"><span class='ocrx_word' id='word_1_155' title='bbox 95 2595 174 2674; x_wconf 89' lang='lat' dir='ltr'>tiqua</span> <span class='ocrx_word' id='word_1_156' title='bbox 196 2601 299 2664; x_wconf 81' lang='lat' dir='ltr'>Attica</span> <span class='ocrx_word' id='word_1_157' title='bbox 327 2604 446 2664; x_wconf 89' lang='lat' dir='ltr'>nomina</span> <span class='ocrx_word' id='word_1_158' title='bbox 474 2601 609 2678; x_wconf 79' lang='lat' dir='ltr'>eligenda</span> <span class='ocrx_word' id='word_1_159' title='bbox 638 2604 726 2682; x_wconf 83' lang='lat' dir='ltr'>sunt3</span> <span class='ocrx_word' id='word_1_160' title='bbox 767 2618 887 2679; x_wconf 76' lang='lat' dir='ltr'>verum,</span> <span class='ocrx_word' id='word_1_161' title='bbox 923 2599 1017 2662; x_wconf 88' lang='lat' dir='ltr'>sicubi</span> <span class='ocrx_word' id='word_1_162' title='bbox 1040 2599 1132 2662; x_wconf 79' lang='lat' dir='ltr'>Attici</span> 
     </span>
     <span class='ocr_line' id='line_1_22' title="bbox 96 2702 1132 2800; baseline 0.004 -25"><span class='ocrx_word' id='word_1_163' title='bbox 96 2718 256 2796; x_wconf 81' lang='lat' dir='ltr'>scriptores</span> <span class='ocrx_word' id='word_1_164' title='bbox 277 2719 450 2800; x_wconf 76' lang='lat' dir='ltr'>defecerint,</span> <span class='ocrx_word' id='word_1_165' title='bbox 473 2720 592 2780; x_wconf 78' lang='lat' dir='ltr'>aliunde</span> <span class='ocrx_word' id='word_1_166' title='bbox 615 2702 874 2800; x_wconf 82' lang='lat' dir='ltr'>compensandum,</span> <span class='ocrx_word' id='word_1_167' title='bbox 898 2722 939 2780; x_wconf 86' lang='lat' dir='ltr'>ito</span> <span class='ocrx_word' id='word_1_168' title='bbox 962 2724 1072 2800; x_wconf 69' lang='lat' dir='ltr'>mmor,</span> <span class='ocrx_word' id='word_1_169' title='bbox 1096 2737 1132 2780; x_wconf 89' lang='lat' dir='ltr'>ne</span> 
     </span>
     <span class='ocr_line' id='line_1_23' title="bbox 97 2819 1133 2916; baseline 0.008 -26"><span class='ocrx_word' id='word_1_170' title='bbox 97 2832 186 2896; x_wconf 86' lang='lat' dir='ltr'>ullum</span> <span class='ocrx_word' id='word_1_171' title='bbox 215 2856 326 2900; x_wconf 89' lang='lat' dir='ltr'>nornen</span> <span class='ocrx_word' id='word_1_172' title='bbox 355 2838 548 2915; x_wconf 79' lang='lat' dir='ltr'>adhibeatur,</span> <span class='ocrx_word' id='word_1_173' title='bbox 583 2839 663 2916; x_wconf 93' lang='lat' dir='ltr'>quod</span> <span class='ocrx_word' id='word_1_174' title='bbox 694 2837 757 2916; x_wconf 35' lang='lat' dir='ltr'>illa,</span> <span class='ocrx_word' id='word_1_175' title='bbox 772 2843 859 2900; x_wconf 84' lang='lat' dir='ltr'>aetate</span> <span class='ocrx_word' id='word_1_176' title='bbox 887 2843 939 2900; x_wconf 87' lang='lat' dir='ltr'>aut</span> <span class='ocrx_word' id='word_1_177' title='bbox 966 2819 1133 2900; x_wconf 84' lang='lat' dir='ltr'>obsoletum</span> 
     </span>
     <span class='ocr_line' id='line_1_24' title="bbox 98 2955 695 3020; baseline 0.013 -10"><span class='ocrx_word' id='word_1_178' title='bbox 98 2956 146 3012; x_wconf 85' lang='lat' dir='ltr'>rut</span> <span class='ocrx_word' id='word_1_179' title='bbox 168 2958 300 3020; x_wconf 90' lang='lat' dir='ltr'>nondum</span> <span class='ocrx_word' id='word_1_180' title='bbox 323 2959 353 3018; x_wconf 93' lang='lat' dir='ltr'>in</span> <span class='ocrx_word' id='word_1_181' title='bbox 376 2974 432 3017; x_wconf 93' lang='lat' dir='ltr'>usu</span> <span class='ocrx_word' id='word_1_182' title='bbox 455 2955 547 3018; x_wconf 84' lang='lat' dir='ltr'>luisse</span> <span class='ocrx_word' id='word_1_183' title='bbox 569 2961 695 3018; x_wconf 87' lang='lat' dir='ltr'>constet.</span> 
     </span>
    </p>

    <p class='ocr_par' dir='ltr' id='par_1_9' title="bbox 177 3072 1133 3154">
     <span class='ocr_line' id='line_1_25' title="bbox 177 3072 1133 3154; baseline -0.003 -19"><span class='ocrx_word' id='word_1_184' title='bbox 177 3072 329 3154; x_wconf 85' lang='lat' dir='ltr'>imprimis</span> <span class='ocrx_word' id='word_1_185' title='bbox 350 3075 514 3138; x_wconf 87' lang='lat' dir='ltr'>cavendum</span> <span class='ocrx_word' id='word_1_186' title='bbox 536 3079 599 3151; x_wconf 83' lang='lat' dir='ltr'>cst,</span> <span class='ocrx_word' id='word_1_187' title='bbox 624 3093 660 3136; x_wconf 90' lang='lat' dir='ltr'>ne</span> <span class='ocrx_word' id='word_1_188' title='bbox 684 3077 753 3154; x_wconf 88' lang='lat' dir='ltr'>quia</span> <span class='ocrx_word' id='word_1_189' title='bbox 776 3077 804 3136; x_wconf 92' lang='lat' dir='ltr'>iu</span> <span class='ocrx_word' id='word_1_190' title='bbox 829 3076 940 3134; x_wconf 85' lang='lat' dir='ltr'>muscis</span> <span class='ocrx_word' id='word_1_191' title='bbox 962 3073 1133 3134; x_wconf 79' lang='lat' dir='ltr'>ordinandis</span> 
     </span>
    </p>
   </div>
   <div class='ocr_carea' id='block_1_7' title="bbox 99 3189 1240 3272">
    <p class='ocr_par' dir='ltr' id='par_1_10' title="bbox 99 3189 1240 3272">
     <span class='ocr_line' id='line_1_26' title="bbox 99 3189 1240 3272; baseline -0.003 -24"><span class='ocrx_word' id='word_1_192' title='bbox 99 3191 182 3252; x_wconf 79' lang='lat' dir='ltr'>ruia</span> <span class='ocrx_word' id='word_1_193' title='bbox 202 3210 344 3256; x_wconf 84' lang='lat' dir='ltr'>rasorum</span> <span class='ocrx_word' id='word_1_194' title='bbox 366 3194 481 3272; x_wconf 88' lang='lat' dir='ltr'>species</span> <span class='ocrx_word' id='word_1_195' title='bbox 509 3197 541 3254; x_wconf 84' lang='lat' dir='ltr'>et</span> <span class='ocrx_word' id='word_1_196' title='bbox 569 3191 671 3254; x_wconf 75' lang='lat' dir='ltr'>forma</span> <span class='ocrx_word' id='word_1_197' title='bbox 691 3191 863 3272; x_wconf 73' lang='lat' dir='ltr'>separanda</span> <span class='ocrx_word' id='word_1_198' title='bbox 885 3195 973 3268; x_wconf 74' lang='lat' dir='ltr'>sunt,</span> <span class='ocrx_word' id='word_1_199' title='bbox 1009 3189 1132 3250; x_wconf 89' lang='lat' dir='ltr'>totidem</span> <span class='ocrx_word' id='word_1_200' title='bbox 1237 3237 1240 3245; x_wconf 90' lang='lat'>.</span> 
     </span>
    </p>
   </div>
   <div class='ocr_carea' id='block_1_8' title="bbox 101 3305 1223 4219">
    <p class='ocr_par' dir='ltr' id='par_1_11' title="bbox 101 3305 1223 4219">
     <span class='ocr_line' id='line_1_27' title="bbox 101 3305 1133 3391; baseline -0.001 -23"><span class='ocrx_word' id='word_1_201' title='bbox 101 3310 212 3373; x_wconf 83' lang='lat' dir='ltr'>nomina</span> <span class='ocrx_word' id='word_1_202' title='bbox 225 3313 349 3391; x_wconf 85' lang='lat' dir='ltr'>antiqua</span> <span class='ocrx_word' id='word_1_203' title='bbox 360 3311 575 3391; x_wconf 82' lang='lat' dir='ltr'>desideremus,</span> <span class='ocrx_word' id='word_1_204' title='bbox 600 3316 673 3390; x_wconf 88' lang='lat' dir='ltr'>quot</span> <span class='ocrx_word' id='word_1_205' title='bbox 693 3311 809 3390; x_wconf 85' lang='lat' dir='ltr'>species</span> <span class='ocrx_word' id='word_1_206' title='bbox 833 3313 903 3370; x_wconf 88' lang='lat' dir='ltr'>sunt</span> <span class='ocrx_word' id='word_1_207' title='bbox 925 3309 1023 3370; x_wconf 75' lang='lat' dir='ltr'>varias.</span> <span class='ocrx_word' id='word_1_208' title='bbox 1057 3305 1133 3368; x_wconf 88' lang='lat' dir='ltr'>Nam</span> 
     </span>
     <span class='ocr_line' id='line_1_28' title="bbox 101 3423 1134 3509; baseline -0.002 -23"><span class='ocrx_word' id='word_1_209' title='bbox 101 3437 173 3503; x_wconf 76' lang='lat' dir='ltr'>supe</span> <span class='ocrx_word' id='word_1_210' title='bbox 194 3429 315 3494; x_wconf 81' lang='lat' dir='ltr'>vascula</span> <span class='ocrx_word' id='word_1_211' title='bbox 337 3428 439 3490; x_wconf 77' lang='lat' dir='ltr'>forman</span> <span class='ocrx_word' id='word_1_212' title='bbox 466 3430 539 3490; x_wconf 88' lang='lat' dir='ltr'>satis</span> <span class='ocrx_word' id='word_1_213' title='bbox 569 3429 711 3509; x_wconf 82' lang='lat' dir='ltr'>diversae,</span> <span class='ocrx_word' id='word_1_214' title='bbox 746 3430 815 3508; x_wconf 86' lang='lat' dir='ltr'>quia</span> <span class='ocrx_word' id='word_1_215' title='bbox 850 3427 928 3490; x_wconf 89' lang='lat' dir='ltr'>idem</span> <span class='ocrx_word' id='word_1_216' title='bbox 961 3444 1033 3488; x_wconf 89' lang='lat' dir='ltr'>usus</span> <span class='ocrx_word' id='word_1_217' title='bbox 1066 3423 1134 3504; x_wconf 75' lang='lat' dir='ltr'>luit,</span> 
     </span>
     <span class='ocr_line' id='line_1_29' title="bbox 102 3542 1132 3626; baseline -0.002 -22"><span class='ocrx_word' id='word_1_218' title='bbox 102 3543 199 3609; x_wconf 82' lang='lat' dir='ltr'>eonem</span> <span class='ocrx_word' id='word_1_219' title='bbox 221 3549 343 3608; x_wconf 87' lang='lat' dir='ltr'>nomine</span> <span class='ocrx_word' id='word_1_220' title='bbox 365 3547 511 3626; x_wconf 88' lang='lat' dir='ltr'>appellata</span> <span class='ocrx_word' id='word_1_221' title='bbox 541 3552 629 3621; x_wconf 87' lang='lat' dir='ltr'>sunt,</span> <span class='ocrx_word' id='word_1_222' title='bbox 665 3566 729 3608; x_wconf 84' lang='lat' dir='ltr'>nec</span> <span class='ocrx_word' id='word_1_223' title='bbox 750 3546 846 3608; x_wconf 81' lang='lat' dir='ltr'>Groeci</span> <span class='ocrx_word' id='word_1_224' title='bbox 868 3546 955 3608; x_wconf 87' lang='lat' dir='ltr'>aliter</span> <span class='ocrx_word' id='word_1_225' title='bbox 976 3543 1034 3606; x_wconf 90' lang='lat' dir='ltr'>hoc</span> <span class='ocrx_word' id='word_1_226' title='bbox 1054 3542 1132 3604; x_wconf 88' lang='lat' dir='ltr'>iece-</span> 
     </span>
     <span class='ocr_line' id='line_1_30' title="bbox 104 3663 1134 3744; baseline 0.005 -27"><span class='ocrx_word' id='word_1_227' title='bbox 104 3667 175 3742; x_wconf 76' lang='lat' dir='ltr'>runt,</span> <span class='ocrx_word' id='word_1_228' title='bbox 195 3670 287 3744; x_wconf 87' lang='lat' dir='ltr'>atquc</span> <span class='ocrx_word' id='word_1_229' title='bbox 310 3683 374 3729; x_wconf 83' lang='lat' dir='ltr'>nos.</span> <span class='ocrx_word' id='word_1_230' title='bbox 418 3664 549 3727; x_wconf 87' lang='lat' dir='ltr'>Omnino</span> <span class='ocrx_word' id='word_1_231' title='bbox 572 3669 631 3726; x_wconf 88' lang='lat' dir='ltr'>tarn</span> <span class='ocrx_word' id='word_1_232' title='bbox 653 3664 767 3726; x_wconf 83' lang='lat' dir='ltr'>infinita</span> <span class='ocrx_word' id='word_1_233' title='bbox 789 3668 835 3728; x_wconf 90' lang='lat' dir='ltr'>est</span> <span class='ocrx_word' id='word_1_234' title='bbox 856 3663 1016 3725; x_wconf 72' lang='lat' dir='ltr'>formarum</span> <span class='ocrx_word' id='word_1_235' title='bbox 1039 3663 1134 3722; x_wconf 86' lang='lat' dir='ltr'>varie-</span> 
     </span>
     <span class='ocr_line' id='line_1_31' title="bbox 103 3779 1133 3862; baseline 0.004 -27"><span class='ocrx_word' id='word_1_236' title='bbox 103 3779 159 3862; x_wconf 76' lang='lat' dir='ltr'>tas,</span> <span class='ocrx_word' id='word_1_237' title='bbox 190 3789 227 3846; x_wconf 89' lang='lat' dir='ltr'>ut</span> <span class='ocrx_word' id='word_1_238' title='bbox 254 3785 305 3862; x_wconf 90' lang='lat' dir='ltr'>qui</span> <span class='ocrx_word' id='word_1_239' title='bbox 336 3785 460 3846; x_wconf 82' lang='lat' dir='ltr'>eandem</span> <span class='ocrx_word' id='word_1_240' title='bbox 483 3785 636 3846; x_wconf 89' lang='lat' dir='ltr'>nominum</span> <span class='ocrx_word' id='word_1_241' title='bbox 658 3785 832 3847; x_wconf 81' lang='lat' dir='ltr'>uarietatem</span> <span class='ocrx_word' id='word_1_242' title='bbox 854 3782 962 3859; x_wconf 62' lang='lat' dir='ltr'>velit„</span> <span class='ocrx_word' id='word_1_243' title='bbox 977 3783 1001 3841; x_wconf 91' lang='lat' dir='ltr'>is</span> <span class='ocrx_word' id='word_1_244' title='bbox 1025 3781 1133 3842; x_wconf 85' lang='lat' dir='ltr'>imitari</span> 
     </span>
     <span class='ocr_line' id='line_1_32' title="bbox 102 3881 1134 3969; baseline -0.002 -11"><span class='ocrx_word' id='word_1_245' title='bbox 102 3881 237 3964; x_wconf 73' lang='lat' dir='ltr'>Sirenses</span> <span class='ocrx_word' id='word_1_246' title='bbox 259 3903 395 3966; x_wconf 84' lang='lat' dir='ltr'>videatur</span> <span class='ocrx_word' id='word_1_247' title='bbox 415 3901 572 3963; x_wconf 82' lang='lat' dir='ltr'>verborum</span> <span class='ocrx_word' id='word_1_248' title='bbox 595 3901 777 3963; x_wconf 88' lang='lat' dir='ltr'>multitudini</span> <span class='ocrx_word' id='word_1_249' title='bbox 800 3901 968 3960; x_wconf 81' lang='lat' dir='ltr'>litterarum</span> <span class='ocrx_word' id='word_1_250' title='bbox 997 3897 1134 3969; x_wconf 82' lang='lat' dir='ltr'>multitu·</span> 
     </span>
     <span class='ocr_line' id='line_1_33' title="bbox 104 4012 1134 4098; baseline -0.004 -22"><span class='ocrx_word' id='word_1_251' title='bbox 104 4012 193 4080; x_wconf 81' lang='lat' dir='ltr'>dinem</span> <span class='ocrx_word' id='word_1_252' title='bbox 216 4024 379 4098; x_wconf 72' lang='lat' dir='ltr'>aequantes.</span> <span class='ocrx_word' id='word_1_253' title='bbox 426 4019 490 4081; x_wconf 82' lang='lat' dir='ltr'>Hoc</span> <span class='ocrx_word' id='word_1_254' title='bbox 518 4021 546 4080; x_wconf 90' lang='lat' dir='ltr'>si</span> <span class='ocrx_word' id='word_1_255' title='bbox 574 4020 725 4096; x_wconf 81' lang='lat' dir='ltr'>volumus,</span> <span class='ocrx_word' id='word_1_256' title='bbox 757 4022 880 4095; x_wconf 85' lang='lat' dir='ltr'>prrostat</span> <span class='ocrx_word' id='word_1_257' title='bbox 912 4033 987 4076; x_wconf 85' lang='lat' dir='ltr'>nova</span> <span class='ocrx_word' id='word_1_258' title='bbox 1016 4013 1134 4074; x_wconf 90' lang='lat' dir='ltr'>nomina</span> 
     </span>
     <span class='ocr_line' id='line_1_34' title="bbox 104 4129 1223 4219; baseline -0.012 -20"><span class='ocrx_word' id='word_1_259' title='bbox 104 4129 218 4219; x_wconf 77' lang='lat' dir='ltr'>fingere,</span> <span class='ocrx_word' id='word_1_260' title='bbox 242 4157 331 4218; x_wconf 88' lang='lat' dir='ltr'>quam</span> <span class='ocrx_word' id='word_1_261' title='bbox 355 4140 484 4218; x_wconf 88' lang='lat' dir='ltr'>antiquis</span> <span class='ocrx_word' id='word_1_262' title='bbox 506 4138 617 4198; x_wconf 87' lang='lat' dir='ltr'>temere</span> <span class='ocrx_word' id='word_1_263' title='bbox 640 4137 768 4212; x_wconf 87' lang='lat' dir='ltr'>urrepiis</span> <span class='ocrx_word' id='word_1_264' title='bbox 790 4134 892 4196; x_wconf 87' lang='lat' dir='ltr'>lalsarn</span> <span class='ocrx_word' id='word_1_265' title='bbox 915 4135 973 4192; x_wconf 89' lang='lat' dir='ltr'>vim</span> <span class='ocrx_word' id='word_1_266' title='bbox 992 4130 1132 4190; x_wconf 87' lang='lat' dir='ltr'>tribuere.</span> <span class='ocrx_word' id='word_1_267' title='bbox 1219 4189 1223 4196; x_wconf 75' lang='grc'>,</span> 
     </span>
    </p>
   </div>
   <div class='ocr_carea' id='block_1_9' title="bbox 0 0 1480 4716">
    <p class='ocr_par' dir='ltr' id='par_1_12' title="bbox 0 0 1480 4716">
     <span class='ocr_line' id='line_1_35' title="bbox 0 0 1480 4716; baseline 0 0"><span class='ocrx_word' id='word_1_268' title='bbox 0 0 1480 4716; x_wconf 95' lang='lat' dir='ltr'> </span> 
     </span>
    </p>
   </div>
  </div>
 </body>
</html>
