2906 4716
592 297 636 364 35

86 499 215 562 similem
240 501 369 581 ingene.
413 489 619 565 Consentiunt*
636 505 716 566 enirn
742 505 857 584 antiqui
888 508 1068 588 scriptume,
1101 515 1135 572 ut

86 618 234 682 llerodot.
250 619 278 698 1,
305 613 383 684 194:
405 621 512 702 βίκους
532 623 712 705 φοινικηίου
733 623 823 688 οἴνου
843 623 968 702 πλέους,
990 625 1130 706 Xenoph.

85 735 140 798 nn.
163 737 196 816 r,
214 735 261 818 o,
286 734 348 800 25:
369 741 402 821 a.
423 710 512 806 aron
532 732 688 824 ἤμιυεος,
721 741 831 822 usurp.
852 761 900 822 sp.
924 744 996 806 nin.
1019 743 1048 824 r,
1076 741 1130 826 29,

86 853 125 914 d:
149 858 340 937 φοινικίνου
360 855 450 938 βιούς
473 879 518 932 ος
537 851 771 936 ὕπανεοίγνυιο.
804 858 838 920 ln
851 859 1003 922 Ptolemaei
1024 879 1133 942 pompa

85 973 194 1049 portati
217 978 296 1036 sumt
325 974 415 1058 ληνοὶ
444 977 551 1058 βίκους
582 977 785 1057 continentes,
820 992 847 1040 r.
881 977 952 1040 nm.
982 977 1025 1059 V,
1059 975 1132 1061 199,

87 1095 149 1154 a&
167 1108 195 1151 e.
237 1089 311 1182 Nec
328 1094 389 1154 rini
413 1097 528 1154 tuntum
550 1111 602 1156 ras
624 1091 697 1176 luit,
719 1095 772 1156 sed
794 1096 885 1158 ctiam
906 1095 1016 1158 ficuum
1038 1096 1131 1176 (Luc.

89 1205 162 1273 lien
182 1209 258 1271 dial.
272 1204 331 1284 14)
355 1213 386 1270 et
407 1211 654 1274 salsamentorum
676 1211 832 1295 (Attuli,
855 1209 927 1294 116,
950 1211 972 1288 l,
994 1213 1131 1278 Eustatlr.

89 1321 124 1386 sd
144 1323 179 1386 ll.
204 1339 233 1400 o,
259 1321 357 1404 1163,
379 1321 448 1402 m).

170 1443 216 1504 oe
240 1443 338 1508 lorma
357 1446 430 1508 nihil
453 1447 591 1508 novimus
612 1453 721 1528 praeter
741 1447 883 1528 llesrolrii
906 1449 1011 1512 verbu:
1033 1452 1131 1532 βίκος·

88 1557 225 1642 στάμνος
247 1557 323 1626 ὦτα·
340 1561 429 1646 ἔχων.
453 1645 456 1656 Ι
482 1563 626 1640 Panollra,
665 1565 713 1626 his
740 1567 839 1628 vorbis
865 1569 931 1630 sino
958 1567 1019 1631 ulla
1042 1585 1130 1631 causa

89 1677 221 1757 tentatis,
245 1685 397 1746 crateram
419 1682 568 1760 quandam
589 1684 688 1748 binum
710 1684 782 1746 dicit
804 1681 908 1763 1‚25.

510 1882 546 1948 ⁵·
583 1884 705 1970 Ὓοκυ

92 2031 150 2094 siro
172 2051 245 2096 orco
268 2038 397 2098 eundem
425 2037 529 2100 habuit
558 2056 656 2102 usum.
709 2035 815 2100 Pollux
840 2026 900 2119 vl‚'
928 2033 969 2099 14
995 2039 1038 2100 ait
1064 2054 1131 2098 esse

93 2150 281 2232 προσεοικὸς
309 2155 353 2242 τῷ
375 2157 455 2242 dicor
483 2154 651 2240 κεράμιον,
684 2161 715 2220 ct
742 2156 892 2218 AEolicum
920 2174 988 2218 esse
1009 2171 1130 2220 nomen.

96 2265 232 2334 Videmus
255 2274 358 2352 ctiam,
378 2291 415 2334 ex
436 2273 496 2357 illis
520 2275 608 2336 terris
619 2273 753 2336 Athenas
767 2276 865 2336 alierri
882 2276 911 2336 in
934 2275 1013 2335 orcis
1034 2274 1132 2336 varias

97 2401 142 2446 res
160 2393 202 2459 (v.
224 2390 281 2453 Ar.
295 2390 384 2470 Vesp.
398 2385 473 2468 676,
496 2393 527 2452 et
548 2391 646 2452 Schol.
669 2391 705 2452 ad
728 2392 759 2453 lr.
782 2391 823 2472 l.;
845 2391 922 2452 Plin.
943 2390 981 2454 Η.
1004 2389 1041 2450 Ν.
1063 2390 1131 2470 XV,

96 2496 145 2582 21,
165 2499 222 2569 82:
248 2503 417 2590 “inAsia”3
439 2507 543 2577 Horat,
567 2507 628 2572 Sat.
650 2507 690 2589 11,
711 2503 744 2588 4,
765 2503 821 2568 66:
844 2505 1130 2589 “Byzantlaorca”).

95 2617 232 2685 Traditur
248 2621 326 2708 ὕρχη
348 2629 438 2689 etiam
461 2627 563 2704 iugum
585 2625 779 2706 significasse,
804 2627 893 2688 credo
917 2631 1039 2708 propter
1060 2644 1131 2706 por-

99 2739 175 2800 tandi
196 2761 298 2805 usum.
352 2743 531 2805 Posteriorls
561 2761 632 2805 usus
660 2761 728 2806 esse
756 2745 889 2823 ridetur,
923 2745 1002 2825 quod
1030 2743 1131 2807 Schol.

99 2851 202 2922 Lucan.
227 2860 270 2942 V,
304 2856 369 2923 Q
387 2877 497 2941 ‘orosnr
514 2833 586 2922 dicit
609 2880 714 2924 urnam
742 2861 820 2924 unde
846 2867 944 2924 sortes
973 2863 1132 2927 ducuntur.

99 2967 182 3047 Quod
198 2984 301 3042 autem
314 2977 419 3040 Festus
441 2996 466 3041 s.
489 2980 638 3060 retrudit,
660 2997 760 3042 orcam
782 2997 849 3041 essa
872 2977 989 3060 “genus
1011 2982 1133 3044 marius

99 3087 186 3154 beluas
208 3097 381 3174 maximum,
404 3096 440 3157 ad
462 3098 548 3158 cuius
565 3097 789 3159 similitudinem
811 3113 880 3158 vasa
903 3095 1003 3160 ficaria
1026 3099 1132 3158 dicun-

99 3208 159 3288 tur;
180 3219 252 3276 sunt
271 3218 381 3275 teretes
404 3218 434 3275 ct
456 3214 595 3278 uuiiormi
618 3213 744 3296 speciei,
772 3214 1022 3292 videnturpotius
1035 3215 1133 3292 pisces

99 3327 209 3392 aruis
231 3333 427 3394 similitudine
450 3351 557 3394 nomen
580 3334 741 3412 accepisse,

178 3447 223 3509 Ad
246 3449 372 3512 lormam
395 3465 473 3512 orcae
496 3451 734 3512 constituendam
757 3454 864 3530 praeter
886 3448 963 3510 hanc
992 3447 1133 3508 similitu-

101 3556 193 3624 dinem
215 3566 361 3628 habemus
384 3569 550 3630 scholiasta
578 3585 668 3647 supra
696 3567 805 3629 laudati
834 3566 940 3629 rerba:
974 3565 1134 3648 κεράμινα

102 3667 211 3756 irrata
234 3679 507 3766 υυοοταοχοντα.
539 3685 850 3764 urranrsuoroxx,
871 3680 1136 3762 oesr‘snpuorae

102 3799 237 3868 speciest.
281 3804 448 3882 Augustum
471 3803 579 3865 collum
600 3802 758 3879 habuisse,
792 3801 920 3864 efficitur
941 3821 977 3862 ex
999 3799 1083 3864 Pers.
1102 3795 1136 3881 3,

103 3903 156 3973 50:
178 3923 313 3999 angustae
334 3921 412 3982 collo
435 3939 492 3982 nou
515 3921 611 3983 lallier
631 3935 719 4001 orcae,
741 3937 769 3981 v.
792 3919 828 3980 ad
850 3919 931 3980 hunc
951 3917 1136 3980 locumJalan

106 4031 132 4085 rt
152 4030 248 4100 Schol.
264 4071 307 4085 -
329 4037 461 4100 Punolla
484 4035 543 4117 ΙΙΙ,
572 4033 616 4098 96
642 4034 738 4120 ὕρχην
754 4053 798 4098 se
819 4036 977 4098 ostendere
998 4039 1092 4113 putat.

899 4151 935 4200 3*
