2902 4704
587 269 816 371 „Ata-

225 481 368 563 χρύσειαι
389 473 576 563 ντμέθοντο,
599 476 662 543 δύο
685 473 719 541 d’
737 471 802 544 ὑπὸ
824 482 990 561 πυθμένες
1010 474 1102 564 ἦσαν.

227 598 327 675 ἄλλος
346 601 408 682 μὲν
427 601 552 680 μογέοον
573 593 811 684 ἀποκινήσασκε
832 596 987 680 τραπέζης

227 716 341 782 uiator
362 714 429 782 έόν·
449 721 577 800 Νέστωρ
599 711 634 780 d’
655 709 675 782 ὅ
696 719 797 799 γέρων
818 712 952 800 οῗμογητὶ
974 714 1093 798 ἄειρον.

178 835 316 896 Primum
338 835 376 895 de
397 837 521 896 materia
537 839 651 896 certum
673 839 730 918 est,
753 839 805 896 aul
826 853 952 896 aeneum
973 839 1025 895 aut
1046 839 1220 912 argenteum

178 953 292 1034 luisse,
327 958 361 1015 nt
382 957 481 1014 cetera
502 953 684 1031 elegantiora
712 972 758 1032 ap.
781 953 952 1016 Homerum.
1006 953 1100 1013 Erant
1122 960 1220 1014 autem

180 1073 300 1133 laminas
322 1067 432 1132 metalli
454 1074 554 1132 aureis
576 1073 667 1133 clavis
690 1072 853 1152 colligatae3
888 1089 1067 1151 quamquam
1088 1069 1221 1152 luerunt,

179 1193 235 1270 qui
263 1191 319 1251 hos
352 1194 493 1269 putarent
521 1195 636 1252 lantum
664 1193 828 1252 ornamenti
857 1207 946 1251 causa
974 1189 1080 1252 infixos
1117 1189 1221 1269 tuisse,

179 1313 236 1371 aut
258 1327 295 1369 ne
316 1308 423 1369 iniixos
445 1309 582 1391 quidem,
606 1311 658 1370 sed
682 1273 811 1370 oaelatos⁸
824 1311 852 1370 in
876 1301 1026 1370 clavorum
1049 1307 1221 1374 similitudi·

181 1447 262 1503 nem,
285 1430 484 1502 immemores,
507 1429 623 1507 opinor,
646 1427 788 1489 tundendi
810 1431 903 1488 artem
921 1423 1219 1505 longapostllomeri

180 1550 301 1607 aelatem
324 1546 401 1606 tradi
423 1548 572 1607 inventam
594 1565 660 1608 esse
682 1565 699 1608 a
723 1547 845 1608 Rhoeco
867 1548 945 1607 circa
967 1544 1016 1607 Ol.
1038 1539 1097 1622 35,
1123 1548 1220 1607 serius
1309 1619 1312 1624 Ι

180 1666 272 1726 etiam
302 1663 452 1725 aGlauco
479 1663 692 1725 ferruminandi
720 1670 829 1745 artem3
862 1663 969 1742 quibus
996 1664 1123 1742 ignotis,
1162 1682 1220 1724 non

181 1784 269 1843 video
282 1800 364 1862 sane,
377 1784 525 1859 quomodo
548 1784 638 1844 clavis
662 1783 758 1844 inlinis
780 1801 882 1843 carere
904 1782 1064 1860 potuerint.
1098 1780 1142 1841 .st
1164 1781 1221 1842 hos

170 1903 278 1963 'oculis
300 1901 400 1963 ridere
421 1901 503 1980 libet,
526 1903 555 1961 in
578 1901 693 1962 duabus
715 1901 845 1964 lucernis
867 1898 1008 1961 fictilibus
1029 1917 1077 1978 ap.
1103 1899 1221 1960 ll’llan-

182 2021 347 2082 camillium
370 2021 443 2094 (vol.
466 2017 504 2098 lt,
534 2037 561 2098 p.
579 2015 632 2100 81,
656 2020 716 2082 tab.
741 2015 798 2094 14)
821 2020 1005 2098 conspicitur
1027 2035 1135 2098 corpus
1157 2035 1221 2079 am·

184 2140 285 2231 phorm
313 2137 411 2198 infixis
438 2137 528 2198 claris
557 2157 625 2200 cum
659 2139 734 2200 collo
764 2141 966 2200 coniunctum.
987 2171 1030 2182 -
1073 2136 1222 2212 Quattuor

171 2273 264 2318 -ansaa
281 2275 339 2336 qua
363 2259 476 2316 ratione
499 2256 734 2336 postmittatur,
758 2259 882 2318 multum
905 2259 1089 2334 disputatum
1110 2259 1167 2334 est,
1191 2259 1222 2314 st

184 2381 244 2436 lam
267 2376 347 2436 varia
380 2380 427 2436 est
451 2377 525 2435 ratio
554 2378 583 2435 in
612 2378 648 2436 iis
669 2375 822 2457 fictilibus,
856 2393 923 2454 quac
944 2375 980 2436 ad
1003 2392 1057 2434 nos
1080 2391 1222 2452 perrona·

186 2500 275 2575 nant,
304 2499 338 2554 ut
360 2493 433 2554 nihil
455 2493 597 2554 affirmari
619 2511 708 2572 posse
730 2494 883 2575 rideatur3
916 2495 942 2554 si
964 2497 1086 2572 propter
1108 2493 1222 2567 magni·

185 2614 317 2674 tudinem
344 2613 422 2674 vasis
455 2618 599 2692 quattuor
630 2613 771 2694 luerunt,
803 2613 949 2691 suspicari
981 2614 1100 2690 possis,
1138 2610 1221 2669 bina-s
1348 2673 1351 2680 ,

185 2733 326 2810 utrinque
348 2747 436 2793 aures
459 2731 561 2812 luisse,
584 2731 855 2810 alterassuperius‚
878 2731 987 2792 alteras
1004 2729 1138 2809 interius,
1162 2745 1222 2806 quo

183 2851 366 2911 commodius
389 2851 547 2932 tolleretur
564 2867 626 2928 aas,
660 2849 748 2928 quale
780 2849 947 2928 exemplum
976 2852 1058 2910 extat
1079 2866 1127 2926 ap.
1151 2847 1221 2908 Pas·

185 2970 297 3029 serium
320 2967 344 3048 Ι,
367 2963 419 3032 25.
433 3001 474 3016 -
496 2967 554 3028 Sed
578 2986 635 3030 nou
660 2969 893 3047 magnitudinem
915 2968 1023 3046 solum,
1049 2967 1138 3027 etiam
1161 2966 1223 3028 ele·

185 3089 314 3164 gantiam
336 3089 366 3147 in
388 3086 582 3148 describendo
604 3087 751 3166 spectavit
773 3091 868 3165 poeta.
920 3085 981 3160 Qui
1003 3085 1084 3163 quud
1107 3084 1222 3146 colum·

184 3203 237 3266 bas
270 3211 480 3266 commemorat
515 3206 626 3266 circum
660 3222 747 3264 ausas
786 3209 959 3282 pascentes,
1001 3203 1102 3262 mirari
1142 3201 1222 3280 licet,

186 3327 247 3383 tarn
270 3324 383 3402 antiqui
407 3324 550 3402 temporis
572 3327 667 3384 artem
681 3323 758 3384 idem
771 3325 994 3400 coessentiam,
1016 3322 1095 3399 quod
1119 3324 1222 3399 postea

184 3439 315 3519 perlecta
338 3441 484 3519 elegantia
504 3443 533 3501 in
547 3441 736 3520 Pompeianis
756 3440 857 3501 multis
880 3441 1055 3517 reperimus.
1068 3471 1110 3484 -
1132 3437 1221 3516 Quod
1239 3522 1244 3532 '

182 3565 284 3620 autem
298 3564 565 3620 commemorantur
576 3559 635 3620 duo
646 3561 822 3642 πυθμένες,
846 3575 948 3618 verum
971 3558 999 3617 id
1022 3558 1142 3635 quidem
1164 3561 1221 3637 est,

183 3677 412 3757 quattrocent,
446 3679 601 3760 πυθμένα
623 3677 783 3756 dupliciter
804 3677 873 3750 dici,
907 3680 937 3736 et
959 3676 996 3735 de
1018 3674 1108 3738 fundo
1130 3677 1221 3748 vasis,
1319 3691 1322 3695 ·

183 3800 217 3856 ut
238 3796 308 3856 Aah.
330 3791 385 3874 Xl,
408 3815 438 3874 p.
461 3792 536 3876 495,
558 3810 590 3858 a:
617 3793 741 3858 Πέλλα·
765 3789 896 3874 ἅγγεῒον
918 3791 1110 3878 σκυφοειδές,
1132 3796 1221 3858 πνθ·

181 3916 267 3996 μένα
288 3912 364 3995 ἔχον
384 3912 590 3996 πλατύτερον,
613 3913 658 3987 εἰς
677 3911 697 3977 ὃ
714 3909 853 3996 ἤμελγον
870 3909 1013 3992 τόγοὶλα,
1036 3917 1067 3973 et
1089 3913 1125 3972 de
1147 3913 1222 3990 pede

182 4033 333 4111 apposito,
354 4038 390 4092 ut
408 4029 816 4111 Poll.tll,99depsyctcre:
840 4025 878 4096 cai
897 4026 961 4113 μὴν
981 4031 1045 4111 ἔχει
1067 4031 1222 4110 πυθμένα
1342 4097 1348 4110 ‚

155 4143 255 4216 ,αλλ’
286 4145 567 4232 α’στραγαλέσκοος·
600 4150 636 4210 cl.
661 4152 729 4210 Am.
761 4142 835 4230 481,
859 4149 895 4227 d;
938 4166 1088 4225 nunquam
1125 4151 1220 4205 tumen
