2906 4716
749 227 793 292 32

255 434 382 513 Zosgam
405 434 465 497 tab.
476 427 529 494 30.
574 431 636 494 Nec
657 404 852 494 desunt'aliro
874 431 1022 495 doliorum
1042 435 1204 511 imaginem
1227 454 1297 497 nam

193 601 206 626 .
255 558 337 614 extat
357 551 502 614 Hercules
524 549 745 613 Centaurorum
764 549 877 610 dolium
897 552 1035 629 aperiens
1057 555 1102 624 (v.
1120 551 1295 632 Apollodor.

255 671 301 748 11,
328 667 366 751 5,
388 669 433 747 4)
461 671 492 730 in
519 670 600 730 vasis
628 669 726 746 pictus
753 673 803 740 (v.
833 667 982 733 Staclrelb.
1010 667 1123 732 Grtber
1155 673 1184 734 d.
1214 671 1294 735 Hell.

255 785 324 869 41.;
347 787 479 849 Panollra
502 787 691 847 Recherches
714 786 774 846 tab.
797 785 848 866 Vl,
873 782 926 865 l),
949 791 980 848 et
1001 787 1149 850 Danaides
1172 791 1202 849 in
1225 809 1295 867 per·

119 917 133 981 “,
255 907 387 968 lotatum
405 907 518 968 dolium
539 905 601 980 (εἰς
621 907 728 971 πίθον
748 907 950 987 τετρημένον)
974 905 1147 968 haurientes
1168 908 1295 986 sculptae

254 1028 284 1086 iu
324 1024 403 1088 llus.
439 1023 508 1089 PCl.
540 1023 597 1105 lv,
641 1017 711 1103 36.‚
750 1025 837 1102 picta
877 1024 907 1084 in
940 1026 1010 1085 ruse·
1042 1024 1141 1087 ldusei
1173 1025 1289 1106 Blacas‚

256 1145 315 1208 no.
337 1139 368 1206 9.
1138 1127 1143 1135 '

340 1263 387 1328 Ab
409 1263 457 1324 bis
479 1260 657 1340 imaginibus
680 1279 738 1322 non
761 1261 940 1340 abhorrent,
973 1279 1040 1340 quae
1065 1262 1104 1322 de
1125 1261 1220 1324 forma
1241 1263 1298 1328 τοῦ

256 1383 361 1446 πίθον
381 1381 418 1442 ab
440 1348 572 1459 antiquis
594 1380 788 1456 scriptoribus
816 1381 987 1459 accipimus.
1037 1379 1113 1442 Nam
1141 1381 1217 1459 pede
1244 1399 1295 1442 ca-

257 1501 355 1562 ruisse
377 1503 508 1577 constat,
541 1499 613 1576 quia
639 1499 744 1562 πίθου
764 1496 865 1590 πόδες
885 1498 1075 1577 proverbium
1097 1503 1162 1560 erat
1184 1499 1223 1562 de
1243 1499 1294 1571 iis,

257 1635 405 1698 quaeuon
428 1621 514 1678 erant
543 1620 588 1688 (v.
610 1615 705 1677 schol.
728 1616 781 1678 Ar.
804 1617 859 1678 Ar.
882 1610 972 1689 798).
1020 1617 1086 1678 Jam
1111 1617 1294 1678 Eustatlrius

255 1738 292 1799 ad
315 1736 351 1799 11.
373 1759 407 1800 ω.
430 1755 460 1815 p.
475 1731 569 1814 1363,
592 1729 643 1798 36,
668 1735 770 1810 tradit,
792 1735 960 1814 antiquiora
983 1739 1013 1795 et
1035 1733 1297 1822 floruerint-dolia

255 1851 337 1938 πρὸς
358 1849 532 1938 ὁμοιότητά
552 1876 626 1920 τινα
648 1852 852 1937 σφαιρώσεως
872 1853 941 1914 licta
963 1871 1040 1934 esse,
1075 1871 1167 1932 quum
1189 1857 1297 1933 postea
1330 1911 1336 1919 .

255 1975 350 2050 magis
373 1953 570 2050 probarentur
590 1974 722 2032 acutiora
745 1976 776 2032 et
798 1973 917 2032 onrnino
940 1973 1069 2047 minora,
1104 1972 1183 2050 quod
1205 1972 1298 2034 dooe-

255 2108 361 2151 mura
384 2091 529 2168 scriptore
556 2088 745 2168 Gooponicon
774 2087 831 2166 Vl,
853 2084 893 2168 3,
928 2091 1014 2150 cuius
1041 2088 1130 2152 verba
1158 2087 1296 2166 qnaedam

255 2207 432 2272 adscribam.
476 2205 634 2282 Καλλίονς
661 2201 692 2270 οἳ
714 2209 812 2270 πίθοι
837 2209 899 2292 τῶν
920 2207 966 2282 εἰς
987 2210 1126 2290 γαστέρα
1150 2204 1295 2285 ἐξωγκω-

255 2330 361 2410 μένων
374 2389 377 2394 ,
390 2323 421 2390 oi
447 2324 653 2409 μακρότεροι,
686 2327 741 2388 καὶ
765 2323 905 2405 μάλιστα
934 2321 974 2388 τοὶ
1002 2324 1145 2407 στόματα
1167 2318 1295 2404 άντων-

255 2448 340 2528 aaa
361 2441 494 2525 ἔχοντες.
545 2439 595 2508 Tol
628 2441 665 2506 δὲ
693 2442 783 2527 χείλη
799 2528 801 2533 Ι
816 2443 878 2506 miv
909 2445 1022 2506 utnon
1053 2446 1202 2526 ποιητέον
1232 2416 1312 2520 ἔξωΙ

256 2561 460 2637 ἔπινεύοντα,
494 2567 550 2626 ἵνα
570 2560 650 2626 ὅταν
680 2564 718 2652 τῇ
746 2565 848 2644 τέφρᾳ
876 2558 1066 2644 ἐπιχρίωμτν
1094 2555 1222 2636 αὐτοὺς,
1249 2556 1295 2643 aar)

257 2679 397 2770 ἐμπίπτῃ
425 2702 455 2742 τι
477 2680 524 2755 εἰς
545 2675 601 2746 τὸν
621 2682 728 2744 πίθον
749 2669 949 2758 ἀνοιξάντων
969 2676 1074 2764 ἡμῶν,
1108 2675 1179 2744 a‘ta’
1200 2677 1292 2744 tuaa-

256 2799 362 2882 Zlqwo
383 2795 451 2876 ἔξω.

343 2913 494 2989 Quoniam
515 2916 626 2977 dolium
647 2918 744 2978 maius
765 2922 847 2998 crat,
879 2936 969 2996 quam
991 2923 1025 2980 ut
1046 2923 1113 2979 rota
1134 2916 1200 2978 sreri
1221 2931 1293 2994 pos-

256 3039 312 3114 set,
336 3035 498 3112 compactis
520 3035 608 3114 lignis
630 3037 807 3113 quibusdam
830 3035 992 3117 (κάναβον
1013 3037 1087 3097 dicit
1108 3034 1213 3096 Pollux
1226 3030 1290 3111 Vll,

257 3149 335 3228 164)
359 3157 438 3214 terra
462 3154 740 3233 circumlinebatur3
784 3172 859 3233 opus
887 3157 918 3214 et
944 3171 1085 3230 magnum
1106 3158 1137 3214 et
1157 3151 1291 3230 difficile,

256 3273 334 3334 unde
357 3273 386 3332 in
410 3289 473 3346 eos,
489 3275 548 3352 ¹qui
573 3272 715 3350 neglectis
737 3274 841 3350 primis
863 3273 1007 3334 doctrinm
1031 3271 1201 3352 elementis,
1220 3287 1293 3330 con·

256 3392 340 3452 tinno
362 3389 534 3453 difficillima
562 3408 688 3469 quaeque
715 3391 965 3469 aggrederentur,
997 3390 1185 3469 proverbium
1212 3388 1301 3461 dice-¹

257 3507 346 3570 batur
372 3505 410 3572 aiv
436 3509 528 3594 πίθῳ
556 3502 612 3592 τὴν
637 3509 812 3590 annunciare
831 3506 1022 3590 μανθάνειν
1048 3511 1093 3581 (v.
1121 3506 1195 3569 Poll.
1225 3503 1293 3576 vll,

257 3621 336 3705 163,
359 3627 436 3700 alii).
869 3628 874 3638 '

341 3742 462 3821 Species
494 3747 598 3810 πίθον
630 3744 668 3806 ab
695 3743 827 3822 antiquis
856 3763 914 3807 non
944 3741 1139 3806 abhorrentes
1171 3739 1295 3802 exbibet

257 3859 492 3923 Panolkalieob.
516 3862 540 3941 Ι,
563 3857 682 3937 loll,
703 3857 736 3942 ’2,
758 3880 937 3942 quamquam
959 3862 1135 3940 posterioris
1156 3877 1191 3920 os
1213 3861 1294 3920 insto

256 3979 411 4058 angustius
434 3979 559 4042 videtur.
