2906 4716
773 270 817 338 48

279 488 332 546 aut
353 478 525 556 κάλπιδος,
553 477 705 540 Homerus
724 475 777 556 (ll.
800 488 845 561 ψ,
866 465 927 552 950)
950 473 1040 542 habet
1058 473 1192 560 χρύσιον
1212 471 1321 560 ἀμφι-
1437 539 1438 558 η

277 601 403 685 φορῆας
434 595 596 677 Sophocles
623 603 725 658 autem
749 595 796 658 El.
827 590 907 655 1401
921 598 962 692 ἐι
981 594 1144 674 AEsclrylus
1165 593 1221 672 Ag.
1242 590 1321 674 444,

239 692 248 712 ’
279 718 334 782 Cla.
355 713 419 778 686
440 717 574 800 lipom
616 714 801 794 Lycophron·
817 713 903 776 Aion
922 707 987 773 873
1008 715 1161 796 spurios.
1216 711 1320 774 Etiam

278 835 402 921 φιάλην
422 836 547 914 legimus
567 833 647 912 apud
668 831 833 894 Homerum
852 831 886 896 ll.
908 843 950 914 ψ,
970 825 1044 896 2213.
1088 821 1218 911 imperat
1238 832 1321 892 enim

282 955 419 1018 Achillea
441 954 478 1014 de
500 951 627 1013 Patrocli
650 951 769 1012 ossibus

363 1073 419 1136 κοιλ
440 1065 481 1134 nd
501 1073 561 1154 μὲν
582 1069 619 1138 ἐν
636 1072 750 1161 χρυσέη
772 1067 880 1160 φιάλη·
895 1071 959 1134 καὶ.
971 1066 1106 1133 δίπλακι
1127 1066 1217 1156 δημῷ

364 1193 516 1272 θείομεν,
538 1189 662 1255 εἰσόκεν
683 1183 778 1264 αὐτὸς
799 1184 881 1268 ἐγών
894 1184 992 1252 Ἀἵδε
1012 1184 1189 1270 κεύθωμαι.
1233 1169 1236 1176 ’

280 1310 320 1371 lit
340 1327 410 1370 mox
432 1309 514 1369 dicto
532 1308 688 1368 audientes

365 1425 506 1506 ἄλλεγον
527 1423 560 1500 ἐς
578 1427 711 1508 χροσλην
731 1422 854 1508 φιάλην
874 1427 936 1488 κοιλΙ
950 1421 1101 1489 dirotano·
1116 1421 1227 1512 dqpp'v.

364 1544 398 1606 ln
420 1562 480 1622 quo
502 1543 567 1604 leco
589 1545 790 1622 interpretes,
813 1545 1087 1624 quamvis-constet
1107 1541 1231 1626 φιάλην
1253 1558 1324 1606 orso

280 1668 430 1744 patarum,
458 1665 556 1724 tamen
579 1680 641 1723 uno
660 1679 713 1722 ore
732 1659 871 1738 tradunt,
900 1661 1074 1743 amphoram
1095 1679 1177 1739 esre,
1206 1661 1323 1723 inducti

280 1779 410 1842 Patrocli
433 1779 532 1840 verbis
554 1781 654 1860 (supr.
675 1799 704 1844 v.
727 1775 795 1856 913.

365 1898 407 1974 ὣς
429 1895 466 1961 δὲ
486 1901 542 1962 καὶ
562 1894 661 1962 δοκέοι
680 1899 757 1966 mito
777 1892 839 1984 spi
860 1897 962 1982 σόρος’
975 1893 1226 1983 ἀμφικαλύπτοι,
1263 1932 1270 1944 ·

363 2013 494 2098 χρύσεος
516 2012 726 2100 ἄμφιφορειλς,
748 2015 805 2087 τόν
826 2039 874 2081 τοι
895 2016 977 2099 πόρε
997 2016 1117 2082 nemra
1135 2017 1244 2101 priapo.

365 2134 423 2196 Sed
445 2134 567 2194 minime
588 2135 625 2194 de
647 2135 752 2196 eodem
773 2134 895 2196 vasculo
916 2136 1023 2213 agitor.
1077 2133 1160 2214 Quin
1179 2135 1272 2196 etiarn
1295 2139 1323 2196 si

281 2253 348 2332 quis
369 2253 495 2313 miratus
516 2255 578 2332 est,
612 2253 691 2330 quod
712 2254 840 2332 pateris,
874 2254 910 2313 ad
933 2252 1149 2332 preterendum
1172 2271 1261 2332 quam
1284 2254 1322 2314 ad

280 2371 466 2433 condendum
489 2367 663 2450 aptioribus,
695 2371 731 2434 ad
755 2371 870 2432 cineres
891 2373 1052 2434 servandos
1075 2373 1120 2432 usi
1143 2373 1214 2448 sini,
1236 2371 1323 2432 vide·

281 2495 331 2551 tur
355 2491 383 2549 in
406 2489 465 2550 hoe
486 2488 608 2550 Homeri
628 2482 697 2550 loco
718 2505 806 2551 cama
828 2489 918 2551 huius
940 2507 1012 2552 usus
1034 2491 1167 2553 indicari.
1199 2485 1322 2550 Etenim

280 2607 429 2686 Achilles,
464 2607 515 2685 qui
545 2607 625 2680 vult,
658 2608 761 2668 eadem
791 2625 864 2670 urna
893 2609 980 2670 condi
1002 2625 1056 2670 sua
1078 2626 1146 2669 ossa
1168 2612 1199 2669 et
1220 2609 1322 2680 amici,

280 2725 371 2786 huius
394 2723 482 2784 iunus
504 2731 573 2784 aute
595 2742 700 2803 suum,
722 2724 805 2786 brevi
827 2729 1017 2805 secuturum,
1040 2743 1098 2787 non
1121 2743 1245 2805 prorsus
1266 2725 1322 2788 ab·

280 2843 412 2904 solutum
439 2839 534 2920 putata
584 2841 693 2917 Quare,
713 2847 743 2902 et
770 2859 893 2921 parvum
923 2845 1071 2906 tumulum
1099 2845 1198 2905 extrui
1226 2843 1321 2919 iubet,
1439 2903 1440 2910 ,

281 2979 338 3021 nec
359 2961 475 3020 cineres
496 2959 583 3020 amici
606 2959 732 3038 penitus
747 2961 833 3021 condi
856 2963 938 3042 sinit,
960 2963 1013 3024 sed
1036 2965 1067 3024 in
1088 2967 1190 3042 apertu
1206 2966 1321 3042 patera,

281 3081 396 3140 lantum
418 3078 505 3156 adipe
526 3079 621 3138 tectos
643 3079 757 3158 seponi,
779 3079 873 3142 donec
895 3081 960 3160 ipso
984 3081 1140 3144 combusto
1162 3081 1323 3159 utriusque

281 3195 524 3276 reliquendum
548 3196 650 3257 eadem
672 3215 746 3258 urna
768 3199 855 3259 condi
877 3200 1001 3278 possint.

366 3312 605 3376 Gonnoiebmtnr
635 3318 732 3376 tamen
762 3319 851 3378 etiam
879 3319 1044 3396 peculiares
1074 3335 1157 3378 urnae
1185 3319 1215 3378 in
1237 3317 1320 3379 hunc

281 3450 380 3494 usumr
412 3430 526 3491 Harum
547 3431 657 3510 duplex
678 3451 772 3510 genus
793 3439 850 3496 est.
881 3435 1018 3497 Alterum
1033 3439 1159 3514 angusto
1174 3435 1260 3511 collo,
1284 3442 1322 3496 ut

281 3567 371 3629 quam
402 3549 530 3610 maxims
562 3552 626 3609 tuta
659 3552 846 3627 quiescerent
878 3553 1086 3616 defunctorum
1115 3571 1193 3618 ossa.
1236 3553 1320 3614 Talia

279 3685 350 3730 rasa
373 3668 418 3728 rol
449 3667 564 3747 lapidea
592 3667 637 3728 vel
666 3671 813 3748 testacea,
847 3689 938 3750 quum
968 3691 1004 3733 ex
1032 3671 1144 3734 Graecis
1172 3671 1320 3751 sepulcris

280 3785 373 3846 multa
386 3785 571 3864 prodiemnt‚
594 3790 656 3848 lum
675 3788 704 3847 in
717 3791 916 3851 monumentis
928 3790 1142 3870 sepulcralibus
1154 3808 1234 3870 saepe
1245 3808 1317 3851 eon·

280 3903 449 3983 spiciuntur
462 3903 506 3963 vel
518 3904 682 3986 anaglypho
694 3924 794 3988 opere,
816 3907 861 3968 vel
874 3925 910 3968 ex
922 3907 1016 3970 solido
1028 3926 1176 3972 marmore
1187 3908 1320 3988 seuipla3

280 4021 328 4083 his
350 4020 525 4100 pierumque
544 4028 752 4099 argumentum
766 4043 938 4110 expressum
953 4031 1010 4108 est,
1032 4033 1168 4090 mortuus
1181 4045 1198 4090 a
1212 4044 1321 4105 super-

281 4137 401 4202 stitibus
429 4137 585 4199 discedens
614 4156 726 4218 sosque
754 4142 855 4206 valere
876 4145 990 4207 iubens.
1033 4143 1216 4225 Plerumque
1237 4145 1321 4206 ansis
