2902 4704
746 257 809 326 156

257 465 398 541 uinctum,
421 462 459 525 oi.
483 431 609 525 ibid'ii
630 466 660 526 in
682 463 809 541 eleganti
831 465 951 542 optimae
971 463 1045 526 artis
1063 468 1194 544 omtera3
1216 466 1301 526 anti-

257 583 362 662 quiora
385 585 456 642 sunt
476 581 548 643 ibid.
569 577 623 660 55,
645 577 699 658 56,
718 576 769 642 4⁶2.

342 699 445 760 't'antrs
465 701 678 778 magnitudinis
690 719 740 761 uns
752 715 810 760 non
823 703 935 760 tamem
945 715 1006 760 uno
1026 699 1134 761 haustu
1148 701 1298 761 exsieenri

258 822 393 899 poterat3
426 837 519 897 quum
552 819 644 896 igitur
672 818 757 880 nulio
775 835 830 880 nuo
852 817 927 897 pede
949 819 1118 892 insisteret,
1148 819 1297 896 singulari

257 941 401 1015 apparatu
424 937 604 998 iniciendum
627 942 700 1014 orat,
722 955 749 1000 v.
772 935 855 998 Letr.
885 955 913 1014 p.
935 929 1010 998 694.
1054 933 1112 995 Hie
1133 941 1297 1014 apparatus

257 1054 412 1120 dicebatur
450 1055 632 1138 περισκελές
663 1055 710 1114 vet
749 1053 943 1137 περισκελίς,
970 1057 1004 1114 ut
1035 1053 1200 1114 coniiciunt
1230 1053 1296 1116 VV.

257 1170 338 1251 ub.;
361 1189 539 1252 quamquam
561 1172 688 1234 fortasse
709 1175 798 1232 etiam
827 1173 876 1233 iila
899 1171 992 1232 torma
1025 1189 1080 1250 pro
1107 1170 1297 1232 substantivo

256 1292 327 1368 poni
350 1293 456 1370 potuit.
509 1292 670 1354 Athenaeus
690 1285 766 1370 476,
790 1305 830 1354 e.·
853 1293 882 1352 in
917 1290 1114 1368 Demiopratis
1146 1291 1295 1368 seriptum

257 1409 425 1471 invenerat:
448 1412 543 1490 κέρας
563 1407 696 1492 ἔκπωμα
718 1404 873 1491 ἀργυροῦν
894 1411 948 1472 καὶ
969 1399 1151 1490 aegrotastis
1170 1407 1295 1490 πρόσε-

256 1542 316 1590 om·
332 1528 552 1614 rectequelboo
573 1528 722 1606 supplerit
743 1527 873 1588 Boeebh.
896 1529 925 1586 in
948 1525 981 1590 C.
1004 1526 1028 1591 Ι.
1049 1545 1080 1589 u.
1104 1521 1176 1605 151,
1198 1544 1226 1592 v.
1236 1520 1294 1603 37,

257 1645 306 1706 ubi
330 1649 393 1706 esi:
416 1648 512 1728 κέρας
532 1643 664 1729 ἔκπωμα
681 1641 846 1728 ἀργυροῦν
866 1648 920 1708 καὶ
940 1667 984 1710 πε
991 1689 1082 1710 ......
1159 1667 1164 1676 ’

341 1763 402 1825 Vas
423 1763 514 1826 iiotite
535 1783 659 1844 prorsus
689 1766 725 1824 iis
746 1764 861 1848 simite5
891 1781 961 1842 quaa
994 1765 1023 1824 in
1045 1765 1125 1826 vasis
1145 1765 1224 1843 pieta
1245 1764 1294 1822 vi-

255 1882 365 1960 dimus,
389 1887 503 1944 tantum
535 1901 624 1962 parva
657 1899 728 1944 ansa
760 1885 957 1960 instructum,
991 1900 1027 1942 nx
1060 1900 1117 1961 qua
1148 1881 1293 1960 suspendi

255 2002 566 2080 possit‚'oonspioitur
587 2021 634 2080 ap.
657 2000 728 2062 Pan.
751 1999 789 2080 V,
811 1994 862 2062 78.
905 2000 963 2061 Sed
985 2001 1053 2080 pius
1074 2001 1183 2062 amavit
1207 1997 1292 2060 Graa-

255 2135 359 2178 corum
381 2119 531 2195 ingenium
553 2119 660 2197 poeula
683 2136 741 2179 non
764 2121 794 2179 iu
824 2124 956 2200 nautum,
992 2119 1044 2180 sed
1066 2121 1096 2180 in
1118 2118 1291 2180 animalium

255 2237 352 2314 cupita
385 2235 567 2319 desinentia3
605 2237 669 2298 hmo
700 2241 798 2298 tamen
832 2257 890 2298 non
919 2254 1063 2302 cornuum
1095 2255 1202 2298 nomen
1235 2237 1293 2298 ba·

255 2353 401 2432 buerunt,
436 2355 488 2416 sed
520 2371 626 2416 eorum
657 2356 828 2417 animalium
857 2375 924 2435 quae
950 2356 1174 2418 amuisbantur.
1219 2354 1292 2417 iimo

255 2476 312 2535 iam
335 2491 425 2551 supra
447 2476 753 2555 commemoravimus,
775 2449 964 2553 vidimusque
981 2477 1059 2538 maie
1075 2475 1173 2554 rhytia
1188 2471 1292 2552 appet-

254 2591 309 2654 tari
333 2587 466 2674 (p.58);
489 2594 631 2672 quoniam
652 2593 750 2674 rbytia
772 2598 843 2656 sunt
861 2597 986 2667 incurva
1008 2611 1118 2657 cornua
1141 2591 1292 2672 perforato

252 2711 378 2789 iastigio.
466 2717 468 2724 '

608 2857 930 2881 am

652 2999 655 3006 '
729 3003 752 3078 §
772 2996 804 3064 3.

626 3120 822 3194 Cibariorum
844 3145 913 3192 vasa

251 3290 349 3376 minus
371 3295 441 3350 nota
463 3295 543 3352 sunt.
591 3287 688 3350 Maior
708 3288 758 3350 bio
779 3289 901 3350 testium
927 3287 1038 3366 iuopia,
1070 3286 1159 3348 nutiae
1180 3285 1290 3349 torma-

171 3443 175 3450 ·
252 3425 317 3468 rum
340 3408 566 3487 descriptiones,
600 3425 667 3486 qum
698 3408 728 3466 in
761 3407 874 3485 poculis
909 3407 1058 3467 interdum
1080 3404 1209 3466 iruotum
1231 3405 1290 3465 aii-

251 3543 340 3604 quem
362 3526 532 3586 afferebant.
576 3524 746 3603 Praecipuus
769 3529 942 3586 auctorest
964 3523 1070 3586 Potius
1086 3522 1138 3600 Vl,
1161 3516 1291 3585 84-87

251 3649 282 3704 et
305 3643 345 3723 Χ,
366 3638 505 3721 80-94,
526 3643 579 3704 sed
601 3643 690 3722 paulo
717 3644 879 3722 turbatior,
913 3661 967 3705 neo
999 3647 1082 3704 certo
1114 3642 1209 3722 'gradu
1242 3643 1291 3702 iu-

136 3743 141 3752 ⁴
181 3763 186 3772 “
227 3761 370 3848 oedena.

336 3877 496 3942 Constabat
517 3837 609 3940 onena
633 3898 670 3940 en
692 3899 767 3959 pane
788 3886 819 3942 et
846 3881 989 3944 obsoniis.
1043 3879 1178 3942 Obsonia
1203 3883 1291 3940 erant

251 4013 333 4071 earo,
356 3996 432 4072 puts
455 3997 522 4058 alia.
555 3997 611 4058 His
626 3998 810 4061 addebantur
830 3978 943 4062 insania
956 4005 985 4062 et
998 4001 1077 4060 varia
1090 3998 1291 4060 condimenta.

252 4111 338 4172 Hunc
362 4113 452 4189 igitur
475 4127 636 4199 sequamur
657 4118 790 4178 ordinem
814 4119 843 4178 in
867 4122 945 4180 vasis
968 4117 1184 4181 enumerandis.
