2906 4716
642 253 685 318 59

135 459 198 537 ιιι,
232 459 312 520 hano
342 461 401 518 tam
430 455 546 518 lortiter
574 455 707 521 biberem
736 457 783 518 vix
812 461 872 518 tam
899 461 982 535 segni
1009 464 1041 520 et
1064 455 1199 522 difficili¹

135 577 256 637 ratione
288 573 408 636 hibendi
442 589 566 636 usurum
601 573 693 636 luisse
726 573 834 653 (“elnc
866 593 900 636 so
933 576 1083 654 langsame
1117 577 1177 638 und

136 693 325 772 langwellige
345 689 534 773 Methode”1;
558 693 642 770 qnasi
665 709 723 784 non
747 693 803 754 hoc
825 693 944 754 demum
966 696 1043 756 acris
1065 696 1177 772 potoris

136 813 191 891 sit,
213 828 273 872 non
296 829 333 872 ex
354 809 480 889 poculis,
504 809 556 870 sed
578 826 614 868 ex
636 810 700 887 ipsa
723 810 827 889 lagena
848 810 960 872 hibere.
994 812 1073 887 Quid
1096 811 1177 891 quod

138 930 231 990 etiam
265 927 396 1006 leporem
433 927 581 1005 quendam
609 928 754 1006 spectavit
780 931 866 1006 poeta
895 929 926 990 in
951 929 1176 1008 comparatione

138 1045 304 1124 clepsydra
325 1049 357 1106 et
379 1044 470 1123 rhyti,
491 1043 706 1126 κρουνιζοντυς
727 1046 896 1124 utriusque.
934 1045 1069 1108 Alterum
1091 1047 1177 1108 allent

137 1161 178 1226 V.
189 1163 224 1225 l).
236 1167 443 1248 argumentum
455 1163 577 1222 minime
590 1179 623 1224 se
637 1163 773 1241 dignum:
797 1165 826 1223 in
841 1167 923 1224 tanto
937 1182 1059 1226 numero
1073 1165 1175 1226 talium

137 1271 313 1360 vasorum,'
330 1297 397 1358 quc
426 1280 462 1340 ad
484 1295 544 1342 nos
573 1281 780 1358 pervenerint,
814 1281 972 1342 admodum
994 1299 1087 1360 pauca
1109 1299 1175 1342 esse

140 1396 308 1480 perlorate3
342 1399 427 1478 quasi
452 1397 650 1476 accessesit,
675 1415 741 1475 quae
764 1400 857 1458 nostri
880 1401 1022 1478 temporis
1044 1399 1174 1491 archaeo7

138 1513 199 1594 logi
227 1515 314 1596 rhpta
341 1515 525 1593 vocaverint,
567 1532 602 1576 ea
630 1516 769 1593 antiquos
797 1517 900 1578 eodem
924 1517 1043 1581 nornine
1071 1516 1175 1596 appel·
1250 1493 1254 1502 ⁵

138 1631 234 1713 lasse,
277 1634 439 1710 autquasi
470 1636 529 1692 iam
556 1629 695 1710 frequens
721 1635 761 1694 sit
782 1635 895 1694 mentio
917 1635 1073 1714 rhytorum
1096 1635 1173 1712 apud

137 1751 294 1831 antiquos,
327 1754 361 1810 ut
387 1748 451 1810 fieri
476 1767 534 1810 non
557 1729 705 1832 potuerit,
739 1752 810 1830 quin
833 1751 926 1811 multa
948 1752 1096 1812 etiamad
1121 1769 1174 1812 nos

137 1869 342 1946 pervenirent:
376 1867 455 1946 quod
477 1870 581 1928 contra
603 1870 668 1946 est,
702 1868 773 1946 quin
796 1884 832 1928 eo
855 1873 1005 1948 tempore,
1028 1885 1087 1948 quo
1110 1868 1174 1930 haec

135 1981 241 2046 fictilia
262 1983 338 2046 lacta
359 1985 515 2062 ridentur,
538 1981 663 2046 fortasse
685 2003 722 2046 ne
744 2003 850 2046 nomen
872 1986 992 2064 quidem
1013 1985 1172 2050 habebant.

137 2097 228 2178 Quod
249 2106 349 2164 autern
372 2102 456 2178 dicit,
489 2103 519 2161 in
541 2103 660 2181 scriptis
682 2104 812 2181 antiquis
834 2100 927 2187 ῥυτόν
947 2108 978 2164 et
999 2106 1096 2186 κέρας
1117 2103 1174 2164 dii·

135 2216 254 2279 liculter
275 2219 421 2300 discerni,
453 2223 484 2281 et
507 2219 689 2280 Letrortnius
711 2220 887 2298 simpliciter
908 2220 1050 2301 affirmat,
1084 2239 1174 2301 syno-

137 2351 226 2414 nyma
258 2353 341 2412 esse,
374 2355 464 2416 supra
497 2335 624 2399 vidimus
656 2353 723 2398 esse
755 2336 872 2400 laisum.
928 2337 1025 2400 linum
1047 2339 1174 2400 allerunt

136 2452 273 2514 Athenai
295 2455 393 2516 locum
414 2450 495 2532 476,
528 2455 567 2518 b:
599 2452 745 2537 deceptum
772 2453 809 2518 de
837 2457 892 2517 καὶ
918 2452 964 2518 ἔτι
991 2455 1048 2518 νῦν
1068 2451 1087 2540 ἦ
1110 2458 1174 2520 τῶν

136 2555 282 2652 κεράτων
303 2569 488 2656 κατασκευή·
510 2571 642 2637 καλοῦσι
663 2573 740 2653 γοῦν
758 2570 837 2639 ἔνιοι
852 2573 952 2638 ταῦτα
968 2570 1055 2660 ῥυτά.
1085 2571 1172 2634 Corn·

138 2691 282 2748 memoret
294 2673 503 2766 grammaticus
515 2689 694 2768 peculiarem
706 2689 873 2770 aliquorum
884 2691 1038 2751 hominum
1055 2689 1171 2750 dicandi

137 2806 294 2884 rationem,
317 2811 350 2868 ut
370 2807 416 2866 vel
438 2807 488 2869 hic
511 2807 592 2870 locus
615 2809 715 2886 potius
737 2827 754 2870 a
777 2809 861 2869 nohis
878 2810 928 2888 sit,
952 2825 1039 2887 quam
1056 2811 1170 2868 contra.

222 2920 311 3000 Quod
339 2913 588 2986 animadverterat
608 2925 831 3005 Theophrastus
858 2945 905 3006 ap.
933 2926 1005 2987 Ath.
1032 2920 1113 3006 497,
1143 2943 1172 3004 e,

134 3040 315 3118 repetiitque
335 3041 501 3120 discipulus
523 3044 587 3102 sius
610 3041 777 3104 Chamaeleo
799 3042 870 3104 ibid.
892 3037 973 3120 461,
1003 3041 1038 3119 h,
1072 3042 1167 3119 picto·

135 3173 186 3218 res
217 3156 361 3218 heroibus
393 3159 468 3219 solla
499 3161 683 3220 concessisse
715 3159 819 3240 rhyts,
852 3161 882 3218 in
911 3160 948 3218 iis
974 3159 1048 3220 artis
1070 3159 1171 3235 operi-

133 3273 201 3349 hus,
225 3291 292 3352 quae
313 3275 350 3336 ad
374 3291 427 3336 nos
449 3282 658 3355 pervenerunt,
682 3293 739 3338 non
762 3280 809 3336 est
829 3277 881 3340 ita.
926 3275 1067 3334 Videmus
1088 3278 1171 3354 saty·
1291 3259 1293 3263 ¹

135 3407 186 3450 ros
215 3391 411 3471 hominesque
439 3411 475 3453 ex
503 3393 612 3472 rhytiis
641 3393 776 3454 hibentes
804 3392 898 3466 (idus.
920 3389 989 3454 PCl.
1015 3391 1056 3470 V,
1089 3387 1168 3470 1003

133 3505 222 3571 Herc.
243 3513 276 3568 et
303 3507 407 3588 Pomp.
437 3508 480 3586 ll,
509 3505 584 3586 20),
617 3512 707 3572 etiarn
735 3510 884 3572 Bacchum
912 3507 1033 3586 (Miltia.
1061 3508 1169 3570 ltlonu·

131 3629 230 3686 ments
250 3627 390 3704 antiquas
411 3627 520 3694 inedito
541 3625 571 3700 l,
598 3622 658 3709 21,
680 3627 732 3690 ubi
755 3628 886 3706 rhytium
908 3627 1088 3704 singularem
1110 3625 1169 3688 lor·

130 3756 210 3802 mam
232 3741 359 3822 habet]3
403 3722 539 3805 videmus
561 3763 598 3806 ex
617 3745 725 3824 rhytiis
745 3743 901 3806 tundentes
923 3745 1023 3824 vinum
1046 3745 1169 3805 incan-

130 3857 233 3920 tharoe
249 3858 353 3931 [Here.
365 3864 396 3921 et
408 3858 511 3938 Pomp.
533 3860 585 3938 lv,
609 3856 673 3941 14),
696 3863 865 3938 in‘pateras
888 3859 1027 3932 [Becker.
1040 3858 1167 3921 Chariol.

129 3973 188 4039 lab.
209 3969 249 4055 3,
282 3969 316 4052 l;
344 3975 466 4037 Hercul.
490 3982 520 4038 et
542 3975 644 4056 Pomp.
667 3977 710 4056 V,
740 3973 818 4055 101,
845 3971 937 4058 102),
970 3981 1000 4038 in
1023 3977 1167 4049 calathos,
