2902 4704
780 273 843 342 13⁴

293 485 376 544 amis
397 487 540 544 instructa
573 501 602 543 r.
630 500 676 561 ap.
700 479 773 541 Pan.
795 479 856 558 lll,
883 477 947 560 5l;
979 481 1161 544 It’llancarr.
1183 481 1242 561 lv,
1269 477 1332 560 623

293 599 422 664 Passeri.
445 594 583 678 item
605 629 648 643 -
678 599 838 674 Quomodo
858 597 1005 660 ltullerus
1026 601 1133 673 (Arei.
1155 595 1271 676 3209,
1292 599 1332 670 d)

292 713 456 800 οἷοστύᾳιο
488 723 521 779 et
546 713 778 800 ἆμφιηῆτελλα
804 716 987 778 contundere
1015 720 1162 797 potuerit,
1195 737 1253 778 uon
1282 719 1333 777 in·
1443 783 1444 786 Ἴ

293 835 452 914 missen.

378 951 573 1036 Βρομιάδος,
606 955 649 1015 ait
679 953 789 1015 Athen.
819 952 877 1033 xl,
895 947 971 1032 784,
992 955 1029 1029 d,
1061 952 1195 1036 damper
1215 951 1332 1035 ciperon

291 1083 357 1148 τοῖς
375 1075 583 1155 μακροτέροις
603 1070 666 1135 uis·
685 1070 823 1154 uanique.
865 1072 1017 1150 Apparet,
1044 1091 1150 1132 nomeu
1173 1091 1190 1132 a
1212 1072 1331 1132 Baccho

291 1189 413 1252 Bromio
434 1191 557 1252 ductum
579 1207 657 1252 esse.
710 1189 811 1250 lliuus
832 1193 972 1269 apparet,
1004 1207 1064 1268 qua
1090 1191 1129 1251 de
1155 1207 1245 1252 causa
1273 1189 1331 1249 Ρο-

293 1307 382 1370 uotra
404 1307 474 1390 (lv,
494 1305 554 1382 65)
576 1308 748 1369 oeuoclruen
770 1309 931 1385 putaverit.

667 1542 700 1608 t.
744 1544 960 1628 Κάνθαρος

292 1699 413 1778 proprie
433 1701 481 1759 est
500 1699 682 1776 rcurndoem,
716 1698 842 1759 bestiola
862 1697 1009 1772 volatilis,
1043 1715 1110 1776 quoe
1136 1699 1167 1758 in
1196 1702 1331 1758 stercore

291 1822 430 1879 versatur
449 1819 576 1896 eiusque
604 1835 723 1896 semper
743 1817 819 1896 pilas
845 1817 946 1878 solvit.
1001 1815 1159 1894 AEgyptios
1192 1817 1331 1876 novimus

292 1935 457 1996 scarabaeos
490 1937 569 1996 inter
601 1937 722 1996 numina
754 1935 884 1996 coluisse
917 1933 1007 2005 (Ptin.
1031 1934 1135 2013 XXX,
1169 1930 1222 2010 30,
1250 1929 1331 2014 99);

291 2053 381 2114 simili
414 2054 559 2131 religione
591 2071 643 2113 eos
670 2051 791 2114 Etrusci
818 2054 956 2113 ridentur
983 2053 1123 2134 amplexi,
1157 2053 1272 2112 seilicet
1293 2053 1332 2112 ad

292 2171 368 2232 mala
390 2172 611 2233 averruncanda
632 2172 820 2250 aptissimos3
853 2176 884 2232 et
908 2172 1043 2250 pervenit
1070 2172 1107 2232 ad
1129 2175 1231 2232 nostra
1253 2177 1332 2232 tem-

291 2305 364 2367 pora
386 2293 474 2350 etex
495 2290 624 2370 AEgypto
650 2295 682 2351 et
707 2309 743 2350 er
764 2289 887 2350 Etruria
908 2292 1012 2366 ingens
1034 2289 1249 2350 scarabeorum
1273 2309 1342 2350 nn·-

290 2425 391 2468 merus
413 2409 458 2468 vel
481 2428 518 2470 en
539 2407 636 2486 lapide
663 2408 847 2486 sculptorum
869 2409 914 2470 vol
937 2427 973 2468 ex
995 2407 1098 2484 argilla
1120 2407 1256 2470 lictorum
1284 2408 1331 2484 (v.

290 2523 570 2589 Mttller.rlrchaeol.
594 2520 701 2604 32:³0,
723 2521 746 2585 2
768 2529 798 2586 et
819 2521 928 2604 5175,
950 2521 988 2606 23
1012 2525 1145 2588 Abeken.
1166 2525 1231 2586 ltal.
1246 2519 1330 2588 Med.

291 2662 320 2723 p.
331 2637 396 2704 275
411 2662 458 2723 sq.
480 2650 511 2706 et
527 2639 591 2704 404
610 2648 682 2722 sq.).
724 2644 924 2706 Athenienses
947 2650 1046 2706 autem
1070 2645 1107 2706 ab
1129 2645 1253 2706 obscura
1277 2644 1328 2704 illa

291 2763 502 2840 superstitione
523 2764 648 2844 remoti,
680 2762 783 2822 ludere
807 2768 838 2824 et
859 2764 957 2825 ridere
979 2783 1067 2843 quum
1089 2765 1185 2824 vereri
1208 2762 1329 2822 foedum

290 2879 399 2940 animal
422 2882 606 2959 maluerunt,
637 2885 667 2940 et
688 2879 905 2960 Aristophanes
928 2884 958 2942 in
982 2881 1057 2942 Pace
1078 2881 1234 2961 Trygaeum
1256 2880 1330 2942 iacit

290 2995 421 3059 ex'iaeee
443 2997 543 3078 populi
565 2999 713 3059 scarabaeo
735 3001 765 3059 in
788 2999 904 3060 coelum
926 3000 1102 3077 evolantem,
1125 3007 1159 3062 ut
1180 3001 1249 3061 inde
1275 3019 1329 3080 pa-

289 3135 354 3215 cem
376 3122 507 3179 arcessat
528 3117 579 3178 diu
602 3121 742 3196 optatam.
1278 3111 1280 3117 ⁸

290 3285 591 3300 ”unu—-

313 3399 341 3465 *)
359 3400 443 3463 lllagis
461 3403 537 3454 etlam
559 3406 645 3469 miror,
672 3406 739 3468 quod
758 3407 784 3456 iu
803 3406 984 3458 enumerandis
1013 3407 1113 3457 usitatis
1131 3406 1231 3469 poculis
1249 3405 1327 3456 etium

357 3481 529 3557 ἡμίτομον
547 3491 642 3555 posuit,
659 3491 691 3540 de
708 3504 759 3553 qun
776 3491 838 3540 nihil
854 3491 981 3556 novimus,
1001 3490 1051 3539 nisi
1068 3490 1219 3542 Atheneum
1230 3489 1291 3556 470,
1302 3492 1327 3540 d.

356 3571 451 3638 dicere,
470 3585 527 3624 csse
544 3573 658 3645 ἔκπωμά
676 3593 701 3626 n
717 3571 780 3647 παρ’
802 3571 940 3641 umente,
968 3570 1022 3626 sni
1046 3575 1093 3628 rori
1110 3575 1244 3644 σχήματος
1261 3572 1327 3626 ὄνο-

355 3657 515 3726 μαοθέν-
537 3672 596 3710 num
624 3660 713 3710 Pollux
732 3660 780 3722 Vl,
797 3658 832 3710 95
858 3665 956 3710 tantum
983 3673 1077 3710 nomen
1105 3661 1179 3710 habet
1197 3685 1230 3696 -
1248 3659 1327 3721 idque

356 3743 465 3792 atlirmut
482 3743 574 3794 habere
594 3745 633 3796 ovi
650 3745 776 3795 dimidiati
795 3745 911 3802 turmam,
929 3745 1002 3806 quasi
1023 3745 1098 3794 nullu
1117 3744 1173 3794 aliu
1191 3756 1232 3793 res
1248 3743 1328 3793 dividi

356 3828 464 3892 possint,
482 3841 558 3890 quam
576 3842 630 3880 ova.
666 3830 754 3881 Minus
772 3829 877 3878 tortasse
895 3841 909 3878 a
928 3843 985 3880 vern
1003 3829 1126 3880 aberravit
1142 3827 1205 3878 Pan.
1225 3829 1271 3892 lv,
1282 3827 1328 3895 70,

355 3921 510 3974 quamquam
528 3915 600 3964 valde
618 3916 715 3978 dubito,
734 3927 796 3965 num
805 3915 853 3965 hoc
862 3913 982 3977 poculum
1000 3915 1043 3976 sit,
1062 3917 1087 3964 et
1104 3913 1170 3964 mire
1187 3914 1328 3964 admodum

356 3993 477 4046 Letronu.
505 4011 529 4059 p.
547 3997 598 4047 ⁷3³
621 4000 743 4066 affirmat,
770 3999 820 4049 duo
839 3999 892 4049 sota
911 4005 978 4050 certo
996 3998 1157 4048 constituisse
1174 3997 1328 4064 Panotlmm,

356 4073 491 4148 ἡμίτομον
508 4087 534 4130 et
549 4082 653 4155 κέρνον,
670 4097 778 4146 quorum
796 4089 932 4144 utrumque
950 4084 1094 4134 coniectura
1113 4083 1202 4132 nititur
1220 4094 1248 4132 er
1266 4083 1327 4132 siu-

355 4164 422 4226 gulis
440 4163 555 4216 Alliensi
575 4167 638 4217 lncls
656 4168 739 4218 dueta.
