2902 4704
731 227 795 292 17⁶2

649 319 878 332 ——u—-ffl

244 452 367 513 prorsus
390 433 461 494 laisa
484 452 537 511 pro
560 437 638 496 reris
653 440 846 513 usurpentur.
888 435 928 496 lli
950 453 1069 496 errores
1091 442 1126 498 ut
1147 455 1286 498 remove·

245 559 363 628 rentur,
397 553 532 612 dedimus
553 571 693 633 operam,
728 571 781 614 nec
804 555 847 614 rei
869 555 1016 616 suavitate
1037 557 1192 634 delectati,
1227 575 1285 617 nec

246 675 414 731 nostrarum
436 688 502 731 eam
525 674 580 734 rati
603 689 669 732 esse
690 673 815 752 ririum3
845 673 898 734 sed
921 675 990 753 quia
1014 693 1099 735 uerno
1122 673 1201 736 alius·
1222 679 1285 735 iam

244 787 377 849 sterilem
411 806 473 848 rem
502 791 657 851 videbatur
684 808 896 872 aggressurus,
929 812 996 871 quae
1028 795 1058 853 in
1091 794 1285 872 antiquorum

245 908 364 984 scriptis
386 905 541 988 extabant,
571 927 659 987 quam
682 911 834 986 potuimus
855 912 1078 972 accuratissime
1100 912 1286 989 conquisivi·

245 1043 330 1101 mus,
356 1027 520 1105 interdum,
544 1027 653 1104 siquid
676 1027 745 1088 inde
766 1027 833 1090 elici
852 1033 965 1106 posset,
988 1030 1044 1108 ipsi
1067 1031 1199 1109 experti;
1233 1029 1285 1088 ubi

246 1143 321 1204 nibil
343 1143 525 1222 videbamus,
560 1143 684 1205 feliciori
707 1144 824 1224 Oedipo
858 1147 1070 1224 relinquentes.
1113 1146 1225 1208 Verum
1248 1147 1288 1206 de

247 1262 290 1322 rei
320 1261 414 1339 ipsius
448 1261 621 1324 dilticultate
650 1281 744 1344 quum
773 1266 802 1324 in
829 1265 1049 1326 introductione
1070 1264 1187 1326 abunde
1208 1264 1287 1324 lacta

245 1384 291 1440 est
313 1381 434 1460 mentio,
458 1383 520 1440 tum
539 1384 630 1440 lotam
642 1382 873 1459 disputationem
885 1383 1096 1444 documentum
1106 1400 1173 1444 esse
1185 1400 1288 1461 spero.

245 1496 311 1558 Hoc
329 1498 429 1576 potius
450 1515 468 1557 a
491 1496 576 1558 nobis
597 1501 741 1576 postulari
763 1502 1000 1580 possevidetun
1029 1507 1064 1562 ut
1084 1501 1192 1580 quibus
1212 1500 1288 1561 sub·

245 1616 330 1676 sidiis
352 1615 514 1677 inhaere
536 1617 630 1678 simus
652 1620 711 1698 usi,
733 1621 878 1680 rationem
901 1620 1069 1682 reddamus.

231 1761 240 1769 ·
331 1733 432 1808 Quum
454 1735 546 1812 igitur
574 1736 641 1796 dure
672 1739 733 1796 sint
762 1738 851 1798 buius
879 1737 1014 1814 opusculi
1044 1742 1159 1816 partes,
1191 1737 1287 1798 alters

246 1852 423 1932 philologica
436 1853 473 1914 de
489 1855 669 1932 nominibus,
692 1855 784 1916 altera
807 1855 1019 1932 arebeologica
1041 1857 1079 1916 de
1100 1856 1288 1933 rasisipsis,

248 1972 277 2030 in
308 1972 365 2034 boc
392 1974 519 2032 maxime
550 1977 636 2050 parte
663 1991 722 2034 non
751 1973 908 2034 admodum
935 1973 1021 2034 nobis
1044 1974 1148 2036 contisi
1169 1990 1287 2051 sumus,

245 2087 284 2148 ob
305 2107 431 2167 eamque
448 2107 567 2152 cousun
587 2109 654 2169 quae
675 2091 734 2152 bue
757 2093 936 2168 pertinentia
957 2087 1050 2154 finitis
1082 2091 1208 2169 singulis
1235 2107 1289 2152 cn·
1320 2171 1326 2182 Ι
1396 2162 1400 2167 .

245 2206 358 2286 pitibus
391 2208 524 2270 addenda
551 2213 654 2284 erant,
688 2209 853 2272 minoribus
882 2210 976 2270 literis
1005 2212 1147 2272 iussimus
1168 2209 1288 2270 excudi.

249 2322 310 2399 Qui
340 2327 419 2386 enim
448 2328 577 2388 nondum
606 2328 683 2388 ultra
712 2329 816 2407 patriae
845 2327 920 2390 srnes
948 2331 1062 2407 egressi
1084 2329 1140 2391 sub
1162 2333 1287 2405 septen-

246 2443 393 2504 trionibus
414 2446 541 2506 vivimus
563 2445 694 2506 abitalia
712 2451 743 2506 et
761 2444 873 2506 Groecia
890 2447 977 2525 longe
993 2450 1111 2526 remoti,
1125 2449 1184 2516 ¹viu
1205 2445 1289 2506 mille

246 2563 373 2640 amplius
387 2564 514 2625 vidimus
536 2561 658 2643 antiqua
680 2582 759 2624 vasa.
804 2563 922 2626 Haunia
945 2567 1065 2644 quidem
1087 2565 1203 2664 duabus
1225 2550 1286 2624 non

247 2681 382 2741 maximis
400 2686 539 2742 contenta
561 2687 607 2742 est
628 2681 885 2760 cbytrotbeois—
906 2684 1024 2746 silicet
1045 2702 1153 2746 novum
1177 2701 1286 2744 nomeu

244 2797 373 2878 lingere,
408 2800 487 2878 quod
521 2801 652 2860 nondum
683 2802 808 2881 protulit
828 2801 959 2878 Bavarioe
981 2821 1033 2864 rex
1055 2835 1097 2848 -
1123 2800 1287 2862 Tioroold-

244 2917 364 2976 scniono'
380 2920 411 2976 et
429 2915 548 2978 REGlA
565 2916 790 2980 CHRlSTlANl
804 2919 881 2982 vltt.
924 2919 1008 2982 lianc
1020 2921 1147 2982 maxime
1158 2929 1176 2980 a
1187 2917 1288 2996 Capy·

245 3037 292 3097 cio
304 3035 444 3115 Latrone,
465 3035 688 3115 archiepiscopo
699 3037 859 3098 Tarentino
871 3039 1030 3114 conditam,
1054 3042 1156 3116 posteo
1168 3054 1289 3114 semper

191 3226 193 3232 ,
245 3163 373 3231 auctam,
397 3172 463 3232 que
486 3155 571 3216 nous
593 3159 702 3234 insigni
726 3155 841 3218 neers
859 3130 1132 3218 nuousussrur'
1153 3153 1287 3214 trunn-

245 3277 306 3335 tate
329 3275 439 3354 patuit,
474 3273 631 3350 diligenter
659 3275 915 3351 perlustravimus.
970 3275 1073 3349 Quare
1101 3273 1221 3352 siquid
1252 3274 1284 3333 in
1320 3325 1323 3331 .

244 3391 300 3454 hac
323 3391 645 3472 parterect‘elecimus,
663 3391 784 3470 REGIO
808 3397 962 3471 acceptum
985 3392 1105 3454 ierimus
1128 3390 1285 3468 beneficio,

244 3518 275 3574 et
297 3529 423 3592 quorum
446 3509 543 3572 olsrcio
572 3515 603 3571 ct
632 3511 838 3572 benevolentia
868 3512 897 3572 in
920 3512 976 3572 bac
997 3529 1030 3572 re
1051 3527 1155 3603 sumus
1177 3509 1284 3587 adiuti,

245 3629 278 3692 C.
299 3630 333 3692 T.
357 3631 393 3692 de
415 3630 531 3690 Fauen
554 3633 584 3690 et
606 3627 639 3692 C.
662 3629 687 3692 l.
708 3627 881 3711 l'nonsns3
904 3632 928 3690 si
952 3629 1023 3709 quid
1045 3631 1222 3708 erravimus,
1244 3648 1284 3690 ex

245 3749 344 3826 inopia
367 3748 568 3812 subsidiorum
589 3766 743 3827 speramus
766 3749 881 3810 veniam
904 3752 1036 3825 paratam
1058 3746 1131 3808 lore.

329 3863 387 3924 Sed
409 3869 559 3946 praecipua
580 3867 670 3928 buius
689 3866 824 3945 opusculi
848 3883 917 3944 prrs
939 3870 986 3926 est
1007 3865 1196 3945 philologius,
1221 3863 1281 3945 vel,

244 3986 269 4046 si
292 3957 426 4046 strictius
443 3985 669 4065 dicendum‘est,
692 3984 891 4062 lexicologica.
935 3959 1006 4045 blec
1027 3985 1107 4044 cuim
1129 3983 1159 4042 in
1180 3981 1283 4044 studia

246 4105 303 4162 iam
325 4119 379 4178 per
401 4100 502 4178 plures
524 4117 617 4164 annos
639 4100 838 4179 incubuimus,
867 4117 904 4162 eo
927 4100 1160 4176 multimodum,
1193 4099 1283 4160 cuius
