2906 4716
671 249 715 318 89

571 339 800 363 'u—pm

170 457 284 519 bibisse
305 459 445 538 antiquos
467 455 502 520 δτι
521 457 657 539 χυτρῶν,
680 455 724 516 vel
748 459 847 534 potius
870 455 905 520 ἐν
924 459 1091 541 χυτρίδων,
1126 465 1210 522 novi·

169 593 238 638 mue
260 595 297 638 ex
318 577 462 638 Herodot.
492 575 533 654 V,
554 567 614 651 88,
648 575 700 652 qui
722 573 817 652 legem
840 575 925 638 atiert
952 578 1145 656 Argivorum:
1175 579 1210 642 δτι

96 672 105 676 ”
168 693 322 777 χυτρίδων
342 692 534 778 ἐπιχωριέων
554 689 590 758 τδ
611 687 728 758 ίοιπδν
749 694 871 769 πίνειν,
903 699 934 756 et
962 714 999 756 ex
1026 696 1151 758 Alexide
1180 705 1212 758 et

171 812 323 891 Meleagro
351 813 388 874 ab
414 813 486 876 Ath.
514 806 596 889 502,
628 812 699 874 bet
721 829 747 873 c.
775 813 884 874 citatis.
938 812 1001 875 Nec
1027 815 1210 891 dubitamus,

170 932 244 1010 quin
267 933 297 992 in
319 931 481 992 maioribus
495 929 624 1013 χύτραις
638 929 715 1010 puis,
738 930 898 1012 tegumina,
920 932 976 993 atie
993 931 1105 994 cibaria
1119 951 1211 1013 appo·

170 1051 229 1110 sita
251 1047 379 1130 iuerint3
424 1067 604 1128 quemquam
634 1049 748 1110 nultum
777 1049 922 1110 disertum
944 1049 1034 1110 huius
1055 1052 1099 1112 rei
1123 1053 1211 1112 testi·

171 1169 408 1248 moniumextat,
431 1169 487 1230 nisi
507 1167 583 1228 torte
606 1169 635 1228 in
657 1169 809 1228 mentione
830 1168 906 1228 sacri
931 1169 1086 1230 cuiusdam
1109 1171 1209 1231 moris.

255 1285 351 1348 Erant
371 1287 450 1346 enim
472 1289 506 1347 ut
528 1289 650 1365 penates
672 1285 752 1364 epud
773 1285 940 1365 Romanos,
964 1288 1004 1348 ite
1026 1287 1104 1365 apud
1127 1285 1208 1348 Gre-

169 1420 222 1466 cos
244 1405 274 1464 in
297 1405 400 1484 quavis
421 1405 508 1465 domo
536 1400 613 1479 Διὸς
632 1397 795 1486 Ἐρκείου,
828 1406 974 1487 Κτησίου,
1010 1405 1135 1466 atiorum
1165 1407 1209 1466 rei

170 1521 328 1584 iemiiiaris
349 1523 509 1601 presidum
530 1522 673 1601 Deorum,
695 1526 729 1582 ut
746 1519 825 1584 Piuti
841 1541 890 1602 ap.
909 1523 1062 1602 Aristoph.
1076 1541 1102 1586 v.
1120 1518 1210 1601 1197,

169 1641 329 1702 simulacra
357 1642 458 1717 rudia,
490 1639 668 1719 pierumque
690 1641 860 1703 hermarum
882 1642 992 1718 specie.
1047 1641 1102 1702 iiis
1124 1644 1210 1719 quasi

171 1757 362 1820 interioribus
375 1759 438 1820 uiis
460 1777 544 1822 sacra
566 1757 677 1820 fiebant
699 1775 757 1818 non
780 1759 939 1820 admodum
960 1758 1134 1837 magnifica,
1156 1761 1209 1820 sed

171 1877 308 1938 emedie
330 1877 417 1938 domo
439 1881 470 1938 et
493 1895 530 1938 ex
552 1878 617 1956 ipso
639 1876 705 1940 ioco
728 1877 832 1955 petite,
865 1895 932 1956 que
953 1878 1043 1938 etiam
1064 1893 1210 1956 pauperes

170 1994 270 2058 iecere
292 2000 424 2074 possent.
474 1995 513 2056 iu
529 1983 754 2060 consecratione
775 1992 928 2078 (ἱδρύσει)
950 1996 1057 2056 horum
1079 1994 1210 2056 Deorum

171 2114 349 2191 moriserat,
373 2117 407 2174 ut
430 2131 521 2192 quum
543 2114 617 2176 oilae
638 2115 788 2176 coxisscnt
809 2083 911 2193 pultis,
933 2115 1115 2193 leguminum
1137 2113 1210 2174 atia-

172 2249 275 2292 rumve
296 2249 415 2308 rerum,
438 2249 549 2310 easque
574 2232 690 2294 solenni
714 2249 819 2312 pompe
847 2237 1031 2312 gestassent,
1064 2232 1210 2310 primitiae
1301 2257 1304 2266 ·

172 2350 360 2412 dedicarent:
394 2351 529 2430 ίψοντες
550 2348 671 2433 ὄσπρια
693 2345 874 2434 ἀπήρχοντο
896 2351 1021 2426 τούτων,
1043 2361 1107 2424 τοῖς
1128 2343 1210 2433 dma-

172 2465 337 2551 δρωμένοις
366 2467 554 2552 χαριστήρια
587 2463 804 2550 ἀπονέμοντες
835 2467 887 2551 τῆς
924 2467 1048 2550 προύτης
1077 2464 1208 2549 διαίτης.

171 2585 272 2648 Schoi.
295 2586 405 2680 ad'Ar.
428 2585 496 2650 Pac.
518 2581 599 2665 923,
630 2586 711 2648 Piut.
733 2580 826 2648 1197.
880 2585 993 2646 Preter
1014 2586 1070 2648 hos
1092 2585 1210 2646 Aristo·

170 2703 277 2782 phanis
298 2704 379 2764 iocos
400 2705 493 2766 citant
515 2707 605 2768 etiam
627 2723 732 2766 versus
754 2723 790 2766 ex
812 2704 945 2766 eiusdem
968 2703 1164 2767 Drnaidibus:

253 2820 454 2905 μαρτύρομαι
475 2821 512 2886 δὲ
534 2818 637 2907 Ζηνδς
654 2819 798 2904 Ἑρκείου
817 2820 940 2905 χύτρας,

255 2935 335 3023 μεθ’
353 2933 399 3004 ὧν
420 2936 439 3005 δ
460 2937 565 3024 βωμὸς
587 2935 679 3017 οὗτος
699 2937 818 3025 ἱδρύθη
835 2944 923 3006 ποτέ.

172 3057 237 3120 Huc
248 3060 379 3138 pertinet
389 3061 478 3121 etiem
490 3055 613 3135 sete,
637 3060 686 3122 ubi
699 3059 935 3122 Pistheteruset
946 3057 1106 3137 Euelpides
1118 3075 1209 3119 nores

171 3178 257 3238 sedes
275 3182 442 3255 querentes
458 3183 603 3256 vagantur
619 3177 740 3242 κανοῦν
753 3175 859 3259 ἔχοντι
871 3179 924 3238 καὶ
933 3174 1053 3257 χύτραν
1063 3178 1118 3238 καί
1129 3196 1208 3258 μυρ-

171 3298 272 3376 ρίνας.
295 3294 550 3358 Commemoraiur
562 3296 665 3358 eedem
678 3314 725 3356 res
737 3295 813 3373 epud
822 3287 1074 3373 Ath.x1,473‚c‚
1089 3292 1210 3352 ubida-

174 3415 292 3475 ticiides
315 3415 449 3492 precipit
469 3412 609 3499 καδίσκῳ
631 3431 707 3474 nevo
730 3413 873 3474 utendum
895 3428 979 3488 esse,
1001 3409 1038 3470 de
1060 3410 1127 3470 otiis
1150 3428 1207 3470 non

172 3533 537 3611 ioquitur3‘quamquem
560 3537 643 3594 totus
666 3531 748 3592 iocus
770 3531 878 3592 misere
900 3533 1059 3607 corruptus
1081 3511 1207 3587 ridetur.

171 3649 288 3712 Sancte
309 3653 394 3711 erent
415 3649 462 3711 he
484 3651 551 3712 otte
572 3655 603 3712 et
625 3650 787 3728 religiose,
820 3665 913 3728 quere
939 3648 969 3708 iu
991 3646 1043 3708 Ar.
1065 3645 1121 3708 Ar.
1143 3640 1208 3706 357

171 3787 235 3847 sqq.
260 3768 405 3846 homines,
428 3768 631 3830 adorientibus
652 3768 766 3848 avibus,
789 3770 916 3846 primum
938 3765 1071 3826 omnium
1093 3781 1207 3826 sacram

170 3885 258 3947 ctiam
281 3885 338 3946 sibi
361 3888 559 3972 praetendunt,
582 3889 623 3948 ite
645 3885 748 3947 contisi
767 3890 906 3948 noctuam
928 3883 1044 3955 saitem,
1067 3882 1208 3944 Minervae

170 4011 303 4066 sanctam
324 4022 419 4082 avem,
447 4024 480 4066 se
503 4023 561 4065 non
594 4021 801 4083 aggressuram
829 4017 913 4080 csse;
957 4021 991 4063 ac
1020 4019 1058 4062 ne
1081 4002 1207 4063 induciis

170 4124 291 4201 quidem
315 4121 399 4184 iactis
422 4124 538 4202 longius
560 4124 596 4184 ab
618 4123 674 4184 otta
698 4123 850 4184 discedere
872 4121 983 4180 audent
1006 4139 1031 4181 a.
1053 4114 1127 4180 391.
