2906 4716
754 235 794 298 10

664 316 892 332 h—-n-n--u--a

260 440 357 500 tiones
380 437 453 500 nihil
469 437 548 500 aliud
564 438 735 514 ostendunt,
758 437 816 497 nisi
830 440 980 516 egregiam
992 436 1163 500 Graecorum
1177 440 1297 502 ludendi

259 558 426 634 licentiam3
458 574 538 631 narn,
560 575 653 634 quum
675 555 787 636 aliquid
810 555 998 616 scribendum
1020 562 1117 634 osset,
1140 558 1196 619 boc
1218 561 1297 620 enim

237 693 325 736 ·mos
352 674 535 755 postulabat,
568 674 640 751 quid
673 673 855 754 scriberent,
889 645 965 736 nibil
997 674 1110 736 reterre
1142 676 1296 754 putabant,

259 793 347 854 modo
371 812 409 854 ne
429 809 557 854 vacuum
579 793 708 869 spatium
731 793 961 871 relinqueretur.
1001 790 1093 854 Cuius
1115 796 1159 854 rei
1181 795 1297 872 insigne

259 911 427 990 exemplum
450 914 531 972 ormi
553 911 583 970 in
596 909 937 972 Monumentislneditis
959 909 1093 972 instituti
1111 911 1248 999 Romani,
1270 911 1296 986 Ι,

258 1024 312 1109 39,
334 1029 385 1090 ubi
408 1030 472 1091 haec
493 1029 633 1108 leguntur
654 1029 685 1088 in
707 1027 860 1108 epicbysis
876 1030 1030 1090 cuiusdam
1043 1030 1167 1108 ambitu,
1190 1031 1296 1092 litteris

260 1149 427 1208 ornamenti
455 1166 546 1210 causa
576 1151 655 1208 inter
682 1145 752 1206 lolia
780 1148 899 1226 positis:
942 1145 1046 1211 rot...
1073 1130 1168 1230 rprtoc
1200 1147 1297 1221 καλος
1366 1205 1368 1208 .

259 1265 385 1331 Νικολα
406 1263 575 1348 Appadana
595 1265 709 1339 καλος,
730 1286 829 1348 uapor
851 1264 952 1340 donar,
974 1288 1044 1341 ναι,
1063 1287 1198 1347 guespae
1219 1287 1297 1340 παις

260 1383 373 1459 natae,
404 1404 523 1465 pavouv
543 1403 641 1464 καμοι
663 1379 761 1446 dossa.
816 1380 898 1459 Quin
920 1383 1010 1447 etiarn
1032 1385 1083 1461 qui
1105 1384 1223 1444 litteras
1244 1399 1296 1442 ne·

260 1502 404 1582 sciebant,
427 1500 520 1561 nihilo
542 1502 640 1560 minus
663 1499 792 1560 scribere
814 1501 961 1576 uolebant,
984 1506 1025 1582 et,
1049 1503 1152 1580 paucis
1170 1501 1294 1580 quibus·

259 1620 327 1680 dam
349 1619 516 1680 litterarum
538 1617 704 1697 elementis,
728 1633 856 1696 quorum
878 1619 934 1697 ipsi
958 1620 1017 1680 vim
1039 1619 1225 1698 ignorabant,
1247 1637 1295 1680 re-

259 1738 373 1817 petitis,
404 1737 606 1815 inscriptionis
636 1737 783 1814 quandam
806 1738 936 1815 speciem
958 1737 1077 1798 efficere
1106 1737 1295 1800 conabantur.

260 1855 451 1933 Quamquam
472 1853 604 1934 luerunt,
633 1855 685 1933 qui
705 1854 770 1914 hec
797 1847 958 1932 incognita*
976 1855 1084 1932 linguas
1105 1859 1297 1916 monumenta

260 1975 479 2052 existimarent,
512 1992 604 2051 quum
626 1973 676 2034 alii
699 1974 908 2051 antiquitatem
933 1973 1100 2034 affectatam
1121 1977 1239 2053 putent.
1260 1971 1296 2034 V.

259 2091 394 2152 tierhard
417 2091 511 2170 Rapp.
534 2109 563 2168 p.
586 2085 629 2150 70
649 2109 714 2170 sqq.

345 2206 406 2270 Sed
427 2210 521 2286 magis
543 2210 634 2270 etiarn
656 2211 775 2287 mirum,
798 2209 876 2287 quod
898 2212 1070 2286 argumenta
1092 2209 1122 2268 in
1144 2208 1223 2270 vasis
1244 2226 1296 2268 er-

258 2344 361 2406 pressa
381 2331 524 2405 putarunt
546 2328 707 2406 quidquam
729 2327 854 2406 probare
875 2344 973 2406 posse,
997 2345 1034 2386 ex
1050 2327 1147 2405 iisque
1161 2325 1297 2403 intelligi,

260 2463 319 2525 qua
341 2447 498 2506 occasione
520 2445 637 2523 singula
658 2463 782 2508 munera
795 2444 1013 2506 essentoblata.
1046 2442 1298 2524 Gerbardusqui-

259 2565 327 2625 dem
349 2563 385 2641 (l.
407 2563 428 2624 l.
450 2583 480 2641 p.
502 2558 545 2625 84
566 2569 649 2642 sqq.)
672 2565 730 2626 tria
757 2563 830 2624 lacit
858 2581 983 2642 genera,
1017 2563 1172 2641 athletica,
1208 2561 1296 2640 pales·

259 2682 361 2758 strica,
393 2681 538 2758 nuptialia
560 2682 646 2744 dona.
690 2682 771 2756 Quid
793 2681 873 2741 enim
895 2681 976 2742 aliud
998 2681 1071 2742 nudi
1092 2681 1298 2746 adolescentes

260 2817 329 2860 cum
359 2799 543 2876 strigilibus,
578 2801 634 2860 nisi
668 2798 854 2877 palestram,
888 2797 960 2876 quid
986 2798 1080 2859 Amor
1110 2799 1214 2860 uolans
1245 2803 1298 2860 aut

260 2921 378 2995 compta
410 2921 442 2978 ct
464 2922 568 2977 ornata
594 2917 711 2996 mulier,
741 2917 799 2976 nisi
828 2915 947 2992 nuptias
980 2914 1146 2993 significare
1177 2911 1296 2993 potuit‘l

259 3035 322 3096 Nec
340 3036 439 3096 minus
452 3038 568 3112 argute,
592 3053 660 3096 suns
682 3051 795 3095 morem
816 3032 921 3110 luisse,
943 3033 1131 3094 concluditur
1152 3052 1189 3094 ex
1211 3037 1297 3096 testi-

260 3155 368 3216 moniis
389 3150 581 3232 antiquorum
602 3154 796 3234 scripturum,
818 3155 852 3213 ut
868 3149 1009 3240 Hesycbii
1031 3169 1060 3241 s,
1080 3169 1107 3214 v.
1128 3150 1297 3226 λεκανίόες

259 3275 290 3332 et
303 3271 403 3332 Photii
425 3291 450 3332 s.
472 3290 500 3333 v.
523 3275 675 3354 κέραμον,
697 3271 748 3332 ubi
767 3270 925 3332 uaduntur
945 3246 1062 3347 sponsas
1083 3269 1198 3330 maritis
1219 3286 1298 3347 prm·

259 3389 360 3450 buisss
382 3388 565 3466 placentulas
592 3394 622 3450 et
650 3352 785 3450 aromata
808 3390 839 3448 in
860 3385 996 3465 patellis,
1030 3390 1083 3448 aut
1105 3385 1225 3448 Pindari
1247 3385 1297 3450 Ol.

259 3502 281 3566 7
303 3509 386 3584 init,
420 3507 472 3568 ubi
493 3525 579 3568 socer
601 3507 712 3568 dicitur
733 3507 834 3585 generi
856 3509 1007 3584 pateram,
1040 3523 1129 3583 quarn
1151 3507 1178 3565 ei
1195 3505 1299 3583 propi*-

260 3630 378 3705 nasset,
411 3627 539 3702 donare,
572 3643 629 3686 non
652 3624 805 3689 altinitatis
827 3640 917 3684 causa
943 3624 1039 3701 magis
1061 3640 1150 3702 quam
1172 3623 1309 3704 convivii

262 3743 453 3824 (συμποσίου
475 3766 508 3806 τε
527 3741 623 3824 χάριν
645 3739 744 3817 κᾶδός
764 3764 797 3806 as
818 3739 967 3823 τιμάσαις
988 3737 1073 3818 aideb·
1096 3757 1163 3800 nam
1182 3742 1211 3800 in
1226 3756 1298 3802 cun·

260 3861 347 3920 viriis
369 3859 427 3920 hoc
448 3861 541 3920 moris
563 3865 636 3923 erat.

347 3975 400 4038 llla
427 3993 498 4036 vero
529 3993 651 4054 prorsus
679 3981 838 4057 pervagata
867 3981 913 4038 est
945 3977 1062 4057 opinio,
1094 3974 1197 4038 fictilia
1228 3992 1299 4038 vasa

260 4095 352 4159 luisse
377 4094 502 4174 praemio
530 4093 667 4155 ludorum
697 4094 898 4173 publicorum3
943 4095 1041 4172 qualia
1063 4091 1232 4156 ltoeclshius
1256 4095 1298 4162 lin
