2902 4704
626 278 688 344 toi

545 375 772 396 ⁴-—-—-

136 481 208 546 Mox
235 481 405 546 divitiarum
436 496 544 544 numen
577 481 681 546 fintitio
711 484 813 546 sonnis
844 488 1036 566 permutavit,
1070 507 1097 552 v.
1121 489 1174 551 Ar.

138 599 219 664 Piut.
242 595 323 681 8123
346 621 382 662 ex
404 605 526 680 argento
549 600 650 664 naelata
672 604 792 664 suntin
815 602 851 665 ir.
875 603 1003 684 Sopatri.

217 713 389 802 Ἐμβαφια,
412 737 479 798 quae
502 721 633 786 nominat
655 718 759 781 Pollux
781 720 833 798 Vl,
855 715 898 782 85
920 727 950 782 ei
971 723 1018 802 X,
1044 715 1097 801 86,
1121 743 1174 786 no-

136 838 216 898 mine
238 842 325 899 tenus
348 839 468 916 cognita
490 837 643 899 habemus.

223 950 274 1018 Τολ
295 956 356 1018 τῶν
377 949 566 1039 ἡδυσμάτων
587 951 716 1036 ἀγγεῖα,
752 959 794 1017 nit
822 956 925 1019 Pollux
948 957 991 1032 X,
1012 953 1063 1033 99,
1093 955 1175 1041 ἐρεῖς

133 1072 288 1156 κυψέλας,
309 1068 429 1152 ὀξίδας.
472 1072 565 1134 Addit
585 1069 641 1158 τὴν
663 1070 820 1156 έλαιηρολν
835 1072 992 1158 έπλχνσιν,
1019 1086 1173 1154 quamsu-

134 1209 188 1270 pra
199 1193 494 1252 commemoravimus
512 1198 558 1269 (p.
570 1187 658 1266 104).
680 1191 829 1275 Κοψέλης
852 1211 958 1254 nomon
971 1194 1031 1254 late
1041 1195 1173 1272 patuisse

132 1309 266 1391 videtur,
288 1327 323 1371 an
347 1310 447 1370 nescio
468 1327 505 1370 an
529 1298 628 1371 omnia
650 1310 910 1389 comprehenderit
930 1311 1077 1372 eiusmodi
1103 1327 1171 1372 vas·

133 1428 201 1489 nula
223 1427 364 1507 operculo
387 1428 505 1508 clausa3
527 1427 633 1490 saltem
656 1429 781 1506 exiguus
796 1433 877 1489 extat
890 1431 1044 1490 nominum
1066 1445 1171 1489 nume-

132 1564 195 1620 rus,
229 1550 263 1606 ut
284 1548 310 1607 si
334 1547 401 1624 quis
428 1545 554 1624 singuiis
586 1564 725 1609 vasorum
758 1545 864 1608 formis
896 1548 1019 1608 totidem
1053 1546 1170 1607 nomina

131 1667 255 1742 quaerai,
278 1665 306 1724 ei
330 1661 468 1724 satisfieri
491 1681 549 1724 non
571 1665 677 1742 possit.

215 1781 261 1842 Ex
275 1781 410 1861 pluribus
424 1782 552 1843 vasculis
567 1783 733 1844 coniunctis
749 1779 853 1842 esseoia
865 1786 911 1842 est
923 1777 1169 1865 ἤδοσματοθήκη

129 1900 212 1960 varia
234 1899 421 1962 condimenta
442 1900 609 1962 continens.
659 1899 795 1960 Eundem
827 1897 1037 1982 ιινμινοδόκον
1068 1899 1170 1978 appel-

128 2018 222 2079 latum
255 2035 322 2078 esso
354 2017 443 2080 tradit
475 2015 582 2078 Pollux
603 2017 643 2094 X,
665 2011 718 2096 93,
753 2019 804 2096 qui
835 2017 921 2078 afferi
941 2036 978 2099 ea
1003 2016 1170 2078 Niooohare

128 2137 210 2204 hano:
240 2143 357 2219 σοφαΐς
377 2135 548 2218 παλάμαις
576 2138 718 2210 τέκτονος
745 2133 970 2218 εἰργασμένον,
998 2130 1107 2199 πολλοὶ
1135 2131 1171 2200 έν

128 2247 218 2342 αὐτῷ
238 2247 342 2318 λεπτὰ
363 2250 436 2334 ἔχον
469 2252 633 2328 sodidum,
667 2251 886 2334 κομινοδόκον.
940 2251 999 2313 Alii
1035 2253 1170 2314 dixerant

127 2370 338 2456 ιιομινοδόχην
359 2377 389 2432 et
411 2371 639 2457 κομινοθήκην.
693 2371 776 2432 Talia
804 2371 923 2432 vascula
953 2373 1111 2432 coniuncta
1138 2389 1166 2432 v.

105 2491 202 2554 .Pan.
226 2491 261 2568 V,
294 2485 338 2550 53
359 2489 414 2564 (oi.
437 2508 518 2569 supr.
551 2510 581 2568 p.
607 2484 669 2550 110
700 2489 794 2566 not),
824 2488 968 2566 Gargiulo
1001 2486 1168 2550 Collnzione

128 2609 207 2671 delle
229 2607 323 2670 forme
344 2608 416 2673 Tav.
435 2608 478 2670 ΙΙΙ
495 2610 524 2671 d.
538 2609 644 2690 classi3
667 2609 776 2688 saepius
794 2607 828 2687 iu
851 2605 1000 2686 operculis
1022 2607 1166 2670 maiorum

125 2745 266 2789 vasorum
288 2722 475 2810 ὄψοφόρων,
498 2731 532 2790 ολ
553 2726 684 2806 Gargiui.
707 2724 803 2788 'Conni
827 2725 887 2804 tao.
911 2720 942 2785 9.

199 3131 338 3182 Videamus
356 3131 407 3181 iam
426 3130 534 3182 brevitor
550 3130 582 3180 de
599 3129 722 3180 fictilibus
743 3129 844 3192 ponatis
870 3134 896 3178 et
921 3129 1073 3179 cibariorum
1093 3123 1167 3181 'vasis

128 3245 188 3296 qun
205 3235 237 3284 ad
255 3244 303 3282 nos
334 3236 508 3294 nomenoium.
552 3231 602 3285 flio
629 3241 731 3280 samma
758 3234 797 3280 ost
822 3229 995 3290 distinguendi
1020 3227 1167 3290 difficultas,

126 3346 189 3386 nam
207 3334 344 3396 quodiam
362 3334 389 3384 in
408 3333 556 3384 nominihus
573 3331 695 3396 vidimus,
713 3342 805 3393 ganam
824 3330 960 3395 contundi,
985 3337 1013 3378 ut
1028 3327 1167 3396 ὀξύβαφον

127 3440 156 3485 et
172 3435 333 3486 metabulum
352 3440 377 3484 et
394 3435 514 3498 poculum
532 3434 575 3501 sit,
593 3434 703 3502 xviim
721 3438 747 3482 et
763 3431 884 3492 poculum
903 3436 928 3480 et
945 3431 1071 3496 paropsis,
1095 3430 1121 3480 id
1140 3430 1165 3478 in
1260 3507 1267 3518 .

125 3535 218 3587 formis
237 3535 313 3586 etiam
332 3536 415 3598 magis
432 3537 514 3586 evenit
524 3552 533 3600 ς
551 3548 610 3586 unm
629 3535 725 3586 endam
743 3533 839 3597 torma,
857 3544 913 3594 qna
931 3531 1079 3594 poculorum
1098 3536 1166 3593 sunt,

129 3637 222 3701 partim
243 3638 269 3688 in
288 3605 344 3688 enm
362 3637 563 3698 magnitudinem
582 3636 776 3700 ampiinoantur,
803 3639 831 3684 nt
857 3645 889 3683 na
906 3633 1046 3684 acerrimus
1061 3631 1165 3693 quidem

128 3744 204 3802 potor
220 3738 279 3788 indo
297 3739 384 3790 bibero
401 3738 515 3800 potuisse
533 3737 659 3801 videatur,
677 3736 769 3798 partim
788 3735 814 3784 in
832 3739 883 3784 tam
901 3738 1036 3795 angustum
1054 3731 1165 3796 spatium

128 3827 382 3906 circumscribuntur,
400 3845 429 3890 ut
445 3839 484 3890 vix
501 3839 552 3888 nisi
569 3838 601 3888 ad
622 3837 660 3886 sai
679 3843 705 3886 st
729 3837 801 3900 piper
827 3841 853 3886 et
874 3835 923 3886 aiia
940 3833 1101 3884 condimenta
1117 3833 1166 3884 ad-

131 3939 212 3990 hibita
239 3939 339 3991 tuerint
384 3941 482 3992 Forma
512 3946 596 3990 tamon
624 3939 720 3990 endem
749 3942 823 3999 sunm
849 3947 926 3998 qnare
954 3935 1078 3997 permulta
1107 3946 1165 3984 vasa

131 4041 251 4103 ambigua
269 4046 365 4092 restant

201 4143 297 4194 Verum
315 4145 337 4194 si
357 4145 397 4195 oni
417 4142 519 4194 tinuerit
536 4143 581 4192 tias
599 4145 676 4194 tostas
691 4153 831 4198 recensere,
850 4139 1037 4202 distinguantur
1054 4136 1165 4198 primum
