2902 4704
640 258 685 324 95

143 465 212 528 talis
245 463 430 530 contusionis
462 465 627 546 vestigium.
683 462 787 538 Quare
821 467 902 528 reete
934 463 1080 528 Mulieres
1113 459 1185 543 μθ

142 584 202 646 boo
231 583 403 648 Philoobori
432 586 632 647 commentum
664 582 848 661 repudiavit3
892 583 956 660 lpse
989 601 1059 644 vero
1085 586 1183 662 putat,

144 720 199 766 eos
231 701 344 764 edibus
374 701 552 764 exornandis
578 699 672 762 laetos
702 717 785 782 esse,
818 699 1052 764 anathematicos
1080 701 1183 764 luisse.

143 819 207 888 Sed
231 820 289 882 boe
318 838 386 884 cum
412 819 532 882 illorum
560 823 729 898 temporum
757 817 947 896 simplicitate
969 821 1090 882 minime
1112 837 1184 882 con-

142 939 242 1018 uenit,
275 942 310 998 ut
339 956 407 1000 rasa
430 937 625 1000 conficiantur
647 937 714 998 rani
737 937 903 998 ornamenti
931 953 1036 1018 causa,
1070 938 1185 1000 nullum

142 1073 248 1120 verum
265 1056 300 1140 ¹in
324 1072 422 1116 usum.
467 1054 567 1116 Etiam
594 1054 646 1116 ubi
675 1055 704 1116 in
733 1054 862 1117 Deorum
892 1055 1009 1133 templis
1039 1056 1183 1136 tripodes,

143 1177 297 1247 craterae,
331 1173 390 1236 alia
412 1173 642 1252 dedicabantur,
677 1171 814 1235 utilitatis
842 1189 931 1236 causa
961 1173 1184 1247 dedicabantur,

146 1291 257 1371 quibus
278 1292 308 1355 in
331 1288 416 1354 lestis
438 1291 542 1354 diebus
564 1295 593 1352 el
616 1290 788 1352 solennibus
804 1291 901 1369 epulis
915 1296 1081 1354 uterentur.
1115 1289 1184 1358 Mox

145 1413 182 1476 ut
202 1410 232 1470 in
254 1409 395 1488 opulenta
417 1408 506 1472 domo
526 1409 612 1488 plura
635 1412 721 1470 erant
742 1425 828 1488 vasa,
851 1427 1029 1488 quamque
1050 1409 1185 1487 postula·

145 1527 199 1590 bat
219 1527 411 1605 quotidianus
439 1543 526 1608 usus3
570 1532 600 1591 et
626 1527 676 1592 bic
702 1543 773 1592 saue
802 1519 890 1588 luxus
919 1532 950 1590 et
976 1532 1099 1590 ornatus
1125 1528 1185 1588 diei

145 1649 278 1724 poterat3
299 1645 352 1706 sed
376 1663 429 1706 nee
450 1645 507 1706 alia
529 1663 600 1708 rasa
623 1647 652 1706 in
677 1645 794 1723 templis
808 1645 994 1720 dedicabant,
1017 1647 1082 1710 aliis
1096 1645 1185 1724 vulgo

146 1762 318 1841 utebantur,
342 1781 397 1824 aec
420 1763 568 1842 peculiare
591 1780 684 1840 genus
707 1760 762 1825 tuit
784 1762 1070 1826 matbematicorum
1091 1765 1186 1841 tripo-

146 1881 228 1947 dum.
271 1880 397 1945 Fuerint
417 1883 556 1961 maiores,
581 1879 688 1942 luerint
710 1879 936 1961 splendidiores,
959 1882 1093 1944 eiusdem
1115 1899 1184 1960 pro-

145 1997 224 2066 iecto
246 2000 364 2077 generis
388 1999 516 2062 luerunt.
560 1999 647 2074 Quod
676 2007 776 2062 autem
804 1997 892 2060 Semo
920 1998 1022 2060 Delius
1044 2017 1091 2078 ap.
1116 1998 1185 2060 dtb.

144 2111 263 2199 11‚,38,
287 2135 311 2180 a.
335 2121 367 2178 et
379 2116 540 2182 Callinicus
563 2119 593 2178 in
615 2116 810 2178 describenda
832 2116 984 2182 Ptolemaei
1007 2135 1113 2196 pompa
1137 2121 1183 2195 (p.

145 2229 220 2313 Μ,
243 2253 270 2300 o.
293 2244 324 2296 et
347 2231 419 2313 199,
442 2237 487 2308 d).
522 2235 662 2314 Pythicos
684 2237 747 2296 sive
768 2234 928 2314 Delphioos
951 2236 1081 2314 tripodes
1103 2251 1186 2298 com·

146 2358 330 2435 memorant,
363 2373 421 2415 non
450 2354 600 2434 peculiare
630 2370 724 2430 genus
751 2351 918 2429 significare
946 2353 1099 2431 videntur,
1132 2353 1186 2414 sed

146 2477 377 2552 permanserunt
399 2475 429 2534 in
451 2474 544 2536 sacris
566 2471 681 2549 antiqui
705 2469 746 2530 illl
777 2470 926 2549 tripodes,
959 2487 1051 2548 quum
1074 2471 1131 2530 iam
1155 2472 1186 2530 in

144 2590 262 2670 vulgari
291 2593 357 2652 vitm
384 2609 441 2652 usu
470 2593 567 2651 nrinus
596 2589 742 2652 commodi
764 2588 820 2648 visi
842 2591 952 2650 essent.
997 2585 1076 2646 Nihil
1101 2605 1186 2664 pror·

146 2727 199 2773 sus
222 2707 395 2773 interfuisse
423 2710 501 2770 inter
530 2707 690 2787 Delphicos
719 2705 1039 2795 sacrosquentripodes
1067 2710 1097 2765 et
1120 2705 1185 2764 vul·

146 2845 218 2905 gare
239 2845 351 2908 genus,
374 2827 538 2888 clarissime
559 2827 763 2891 demonstrant
785 2825 928 2902 imagines
951 2841 987 2886 ex
1009 2824 1188 2901 antiquitate.

148 2943 278 3024 relictae3
310 2963 408 3024 neque
435 2946 515 3007 euim
537 2943 615 3006 ullus
640 2945 790 3006 invenitur
813 2961 867 3004 nee
889 2942 1023 3021 sculptus
1047 2960 1102 3004 nec
1125 2943 1189 3020 pie-

146 3067 196 3124 tus
220 3064 334 3142 tripus,
369 3064 416 3124 eui
440 3080 497 3122 non
521 3080 627 3124 aenum
650 3063 822 3140 impositum
845 3063 895 3122 sit.
939 3059 978 3120 Et
1000 3061 1026 3120 si
1048 3061 1189 3138 antiquos

146 3181 309 3270 scriptores
326 3179 574 3255 consuluerimus,
597 3181 782 3251 inveniemus
804 3180 893 3238 etiam
912 3177 1055 3255 Delphico
1078 3177 1187 3256 tripodi

146 3295 275 3380 aanor
296 3299 359 3362 sive
381 3283 527 3360 cortinam
550 3296 642 3358 luisse
665 3298 846 3377 impositam,
868 3298 898 3356 et
911 3293 1049 3374 Pythiam
1067 3295 1099 3356 in
1120 3311 1188 3355 cor·

147 3416 210 3484 tina
230 3416 384 3478 sedentem
405 3417 594 3478 vaticinatam
616 3431 694 3477 esse.

233 3533 277 3594 lle
299 3533 399 3594 holmo
422 3534 547 3612 tripodis
571 3532 708 3597 nolumus
730 3533 811 3610 longi
833 3548 912 3605 esse,
935 3533 1074 3609 quoniam
1093 3527 1188 3592 multo
1300 3525 1303 3530 ’

146 3649 233 3729 plura
261 3651 451 3728 disputarunt
478 3649 541 3742 VY.
573 3649 651 3730 DD.,
694 3669 784 3728 quam
813 3667 888 3728 opus
917 3653 990 3710 erat.
1043 3647 1189 3712 Mllilerus

148 3769 238 3828 etiam
261 3786 369 3845 negare
390 3772 551 3842 aususest
574 3754 602 3826 id
625 3767 705 3845 quod
728 3767 865 3848 omnibus
888 3766 1065 3845 testinropiis
1080 3765 1189 3843 proba·

151 3890 210 3964 tur,
232 3883 333 3966 ὄλμον
354 3903 371 3945 a
393 3885 508 3946 Latinis
530 3885 674 3944 cortinam
697 3902 764 3944 esse
786 3884 977 3963 appellatum,
1012 3885 1187 3961 statuitque,

149 4001 274 4062 abacum
286 4020 363 4084 esse,
388 4020 445 4062 uon
469 4020 586 4064 aenum.
619 4003 654 4062 Ei
678 4008 757 4062 recte
779 4000 952 4078 obloquitur
975 4000 1188 4061 Bru'ndstedius

147 4122 178 4180 in
204 4119 305 4181 itiner.
328 4117 353 4198 l,
376 4138 405 4197 p.
429 4115 491 4178 115
512 4136 597 4196 sqq,
635 4135 814 4197 quamquam
843 4122 874 4177 et
902 4118 965 4196 ipse
986 4116 1070 4193 plura
1094 4117 1186 4188 addit,
