2902 4704
538 289 761 392 ...raem

136 517 230 579 quum
257 498 375 578 egregia
403 496 552 560 subtilitas
579 497 615 556 ad
644 493 769 572 aliorum
798 515 914 559 errores
940 500 1119 578 detegendos
1142 509 1171 562 ot

136 617 324 696 refellendos,
346 621 410 678 tum
432 616 586 680 oculorum
607 616 687 678 acies
709 635 869 696 numquam
889 619 1046 680 obscurata
1067 619 1103 680 ad
1127 625 1172 679 te·

136 737 245 797 nebras
265 735 459 798 removendas
476 753 639 814 rerumque
658 737 778 816 penitus
801 737 986 798 reconditum
1008 737 1171 798 eruendum

136 853 215 916 iaetu
237 859 268 916 et
289 854 437 916 destinata
458 855 590 915 videtur:
613 852 904 934 Manvrorumdico,
929 857 979 934 qui
993 871 1049 915 non
1061 857 1172 916 maiore

136 973 304 1034 litterarum
326 990 427 1032 amore
455 991 543 1051 quam
565 972 750 1034 humanitate
779 973 925 1034 exceliens
959 979 1019 1034 tam
1047 973 1172 1052 benigne

61 1113 64 1119 ·
134 1091 246 1170 ingenii
268 1092 315 1150 sui
338 1091 456 1152 divitias
478 1091 620 1151 studiosis
642 1091 775 1170 impertit
796 1090 1045 1171 adolescentibus,
1071 1096 1104 1154 ut
1126 1091 1171 1150 vei

9 1217 12 1228 '
134 1214 205 1289 post
231 1209 323 1270 multa
345 1207 453 1269 saecula
474 1206 614 1286 Madvigii
638 1226 696 1269 noa
720 1227 827 1270 nomen
851 1209 964 1289 solum,
998 1211 1050 1270 sed
1073 1209 1172 1288 atiqua

133 1347 172 1388 ex
194 1331 279 1405 parte
300 1327 451 1404 ingenium
474 1345 645 1388 mansurum
667 1343 733 1388 esse
756 1329 905 1410 videatur3
931 1329 982 1406 qni
1004 1329 1094 1388 etiarn
1116 1328 1173 1388 hoc

134 1445 266 1523 perlecto
298 1444 397 1505 libello
430 1445 591 1522 permultos
623 1447 688 1506 eius
721 1445 853 1507 maculas
882 1446 1018 1527 sustulit,
1052 1450 1087 1507 ut
1108 1447 1173 1506 eius

133 1581 227 1642 opera
250 1579 308 1624 non
331 1545 418 1642 ¹[nardo
441 1565 548 1624 tersior
570 1567 600 1622 et
621 1563 806 1625 emendatior
827 1565 857 1624 in
877 1564 1027 1642 pubiicum
1039 1564 1172 1643 prodeat.

134 1680 176 1743 ut
197 1700 267 1742 vero
288 1681 428 1758 magister
450 1681 499 1741 iiie
520 1682 600 1742 omni
630 1697 751 1761 semper
770 1681 869 1746 alaude
897 1681 1093 1744 cumulandus
1115 1687 1172 1758 est,

135 1801 178 1860 ita
200 1798 270 1859 hino
293 1799 445 1860 discedere
467 1817 524 1858 non
547 1816 684 1876 possum,
717 1801 787 1876 quin
816 1803 900 1876 grato
922 1801 1020 1860 animo
1042 1815 1173 1859 comme-

135 1934 251 1977 morem
272 1915 504 1978 Cnnrsrrnnmr
526 1915 728 1995 Lrsnovrun,
762 1917 849 1978 ouius
876 1916 956 1977 fideti
978 1923 1008 1978 et
1035 1917 1172 1996 prudenti

133 2052 226 2112 opera
249 2035 278 2093 in
300 2039 433 2095 extrema
456 2033 547 2094 libelii
569 2036 771 2112 recognitione
793 2053 865 2096 usus
888 2054 970 2117 surn,
1002 2035 1174 2096 adoiesoen·

135 2157 198 2212 tem
220 2152 293 2213 mihi
315 2153 546 2230 amicissimum,
579 2171 671 2230 quum
696 2153 882 2230 antiquitatis
910 2154 1173 2230 studiosissimum,
1216 2139 1220 2148 ’

136 2274 201 2330 tum
223 2269 329 2331 eximia
352 2269 516 2349 prmditum
530 2263 628 2346 Latini
650 2271 796 2356 sermonis
818 2272 933 2348 peritia.
