2906 4716
577 207 581 214 ’
656 257 676 320 r

133 461 292 541 Millingen
316 465 347 522 in
370 461 474 525 laedit.
498 462 640 542 tionum,
665 463 688 542 l,
707 464 766 526 tab.
781 461 873 546 1-3‚
898 483 955 526 non
978 467 1073 528 solum
1096 471 1178 530 cine-

137 597 205 656 res,
238 581 291 642 sed
320 582 411 642 etiam
433 599 485 642 sex
507 582 622 644 minoas
643 599 713 644 vasa
735 582 972 646 continebantur.
1018 585 1128 648 Verum
1151 590 1178 648 si

137 716 229 760 causa
251 699 343 760 huius
365 700 456 759 moris
478 700 633 780 queritur,
654 701 691 762 ad
713 699 824 762 lontem
847 702 1032 764 redeundum
1053 708 1117 782 est,
1140 706 1177 766 ad
1258 763 1263 774 ,

137 819 262 895 antiqua
284 818 335 878 illa
350 821 536 878 mortuorum
550 817 710 900 domicilia,
735 837 812 898 quae
827 819 879 881 tali
893 821 1060 883 invenimus
1075 827 1178 886 ornata

137 935 326 1015 supellectile
354 939 491 998 accurate
519 935 555 997 ad
583 937 781 1017 symmetriae,
823 955 912 1017 quam
941 937 1036 1002 liraeci
1064 940 1178 1018 dicunt,

138 1054 235 1132 legem
257 1055 410 1130 disposita.

224 1171 336 1234 Mirum
359 1179 423 1252 est,
446 1175 525 1234 viros
547 1175 652 1236 doctos
675 1193 791 1239 summo
814 1176 913 1236 studio
934 1177 1065 1238 rationes
1087 1194 1178 1256 quas·

138 1292 208 1352 dam
237 1292 427 1369 quaesivisse,
459 1309 526 1370 quse
554 1293 774 1354 intercederent
802 1296 880 1356 inter
906 1295 971 1356 haeo
1000 1295 1119 1358 vaseula
1147 1302 1179 1356 et

138 1411 410 1492 mortuumipsurp.
441 1408 518 1472 Sunt
533 1413 584 1489 qui
607 1417 722 1491 putent,
745 1412 894 1475 caluisse
916 1431 995 1492 rasa,
1020 1414 1128 1493 quibus
1147 1415 1176 1475 in

138 1527 293 1588 funeribus
306 1529 352 1588 usi
364 1535 479 1591 essent:
503 1529 608 1590 miram
622 1547 693 1591 vero
708 1532 919 1609 parsimoniam
942 1538 1087 1613 vetorum,
1110 1551 1177 1612 que

138 1663 175 1706 oa
192 1646 313 1707 demum
334 1649 462 1736 mortuis
483 1648 669 1727 concederet,
692 1649 801 1726 quibus
825 1650 881 1710 viri
907 1651 949 1710 uti
973 1669 1031 1712 non
1055 1656 1178 1730 possent

139 1770 245 1844 utpote
266 1763 371 1828 unere
392 1767 610 1828 contaminatis.
667 1765 823 1844 vulgatior
852 1784 956 1828 eorum
986 1769 1088 1846 opinio
1118 1773 1176 1846 est,

140 1883 192 1961 qni
218 1886 369 1963 statuunt,
403 1901 438 1944 ea
466 1882 574 1959 inisse,
611 1883 720 1962 quibus
750 1883 880 1944 deiunoti
903 1885 933 1944 in
955 1886 1016 1946 vit'a
1038 1865 1176 1946 delectati

138 2007 250 2062 essent
293 1998 807 2093 AfferturVitruviilocuslV,13
840 2002 955 2080 “Virgo
977 2005 1050 2064 ciris
1072 2001 1178 2065 Corin-
1256 2053 1260 2058 .
1322 2023 1326 2029 ·

139 2119 205 2180 thla
232 2119 290 2180 iarn
317 2125 433 2181 matura
448 2119 573 2199 ⁸nuptiis
606 2101 747 2200 implicita
779 2121 882 2182 morbo
915 2122 1052 2183 decessit.
1107 2120 1180 2183 Post

139 2239 324 2317 sepulturam
340 2240 415 2313 eius,
438 2237 547 2318 quibus
561 2255 596 2298 ea
619 2240 682 2298 viva
705 2238 820 2317 poculis
843 2239 1055 2318 delectabatur,
1078 2241 1178 2300 nutrix
1242 2279 1246 2288 -

139 2355 264 2418 collecta
293 2361 324 2418 et
353 2357 516 2434 composita
543 2357 572 2415 in
602 2355 719 2418 calatho
749 2355 871 2434 pertulit
892 2359 928 2418 ad
951 2361 1176 2420 monumentum

138 2477 170 2534 et
192 2475 223 2534 in
246 2492 361 2535 summo
384 2474 547 2552 collocavit,
570 2459 611 2553 et‘,
636 2476 677 2536 uti
697 2485 736 2533 'ea
758 2479 966 2550 permanerent
987 2476 1101 2536 diutins
1122 2475 1178 2536 sub
1278 2541 1281 2547 Δ

143 2592 227 2673 diro,
262 2593 361 2670 togula
384 2592 487 2655 texit.”
529 2591 677 2670 Apparet,
708 2590 877 2653 Vitruvium
898 2592 936 2652 de
958 2591 1045 2670 longe
1067 2591 1125 2653 alia
1146 2611 1179 2652 re
1273 2653 1285 2662 ,

141 2709 241 2788 loqui,
277 2715 308 2770 et
330 2712 428 2789 potius
451 2711 630 2772 contrarium
653 2710 722 2770 inde
745 2709 839 2789 ellici;
884 2727 952 2770 nana
973 2711 999 2770 si
1022 2709 1074 2771 illa
1095 2711 1178 2788 virgo

139 2827 230 2890 solito
252 2845 334 2889 more
356 2829 471 2908 sepulte
493 2831 550 2908 est,
573 2827 707 2888 dubitare
730 2845 788 2888 non
809 2845 979 2909 possumus,
1003 2830 1179 2906 quinetiam

140 2946 230 3008 solita
259 2965 327 3008 vasa
356 2948 467 3008 circum
496 2946 561 3006 eius
584 2963 692 3024 corpus
714 2945 868 3007 humatum
891 2947 1034 3025 disposita
1057 2943 1178 3023 inerint,

142 3063 205 3140 nbi,
227 3081 246 3124 a
268 3062 403 3126 Vitruvio
425 3064 577 3137 doeemur,
601 3081 658 3123 non
680 3062 772 3124 luisse
793 3081 838 3140 ea,
863 3063 971 3140 quibus
993 3064 1058 3124 viva
1081 3062 1179 3123 deleo·

143 3185 274 3260 taretur,
309 3182 362 3242 sed
390 3183 420 3242 in
448 3197 564 3241 summo
590 3184 792 3242 monumento.
837 3178 898 3240 Nec
921 3183 1018 3239 tamen
1040 3179 1178 3256 equidem

142 3301 323 3379 negaverim,
345 3301 436 3360 etiam
458 3298 528 3359 talla
549 3315 619 3359 vasa
642 3316 709 3358 curn
730 3295 878 3359 defunctis
892 3296 1011 3374 sepeliri
1027 3296 1179 3375 potuisse;

143 3416 217 3478 illud
240 3434 332 3496 nego,
365 3417 430 3477 haec
458 3415 522 3477 sola
548 3414 654 3496 luisse:
698 3433 766 3475 narn
793 3414 887 3476 mirus
914 3431 985 3476 sans
1013 3412 1069 3474 luit
1098 3430 1180 3472 amor

142 3553 268 3598 numero
295 3535 540 3613 circumscriptus
573 3539 603 3594 et
631 3534 668 3593 ad
697 3534 878 3611 symmetriae
906 3531 1002 3608 legem
1031 3529 1180 3590 redactus.

226 3653 283 3730 st,
313 3653 470 3730 inquiunt,
503 3667 574 3712 rasa
596 3651 672 3711 dona
693 3650 803 3728 luisse,
826 3651 890 3727 ipso
911 3665 980 3709 rasa
1002 3646 1180 3722 ostendunt3

141 3788 209 3831 nam
237 3774 269 3830 et
297 3771 439 3847 inscripta
469 3771 587 3830 nomina
614 3785 755 3847 personas
786 3766 918 3828 indicant
945 3771 977 3826 et
1008 3769 1181 3840 argumenta

139 3889 220 3966 piola
242 3887 428 3962 occasiones,
449 3886 557 3965 quibus
578 3887 643 3947 hec
664 3883 840 3948 munuscula
862 3882 960 3943 olrlata
981 3887 1061 3944 sunt.
1104 3879 1182 3943 linio

139 4005 299 4066 sententie
313 4021 390 4065 unns
404 4021 489 4064 error
504 4003 628 4064 subesse
649 4003 776 4077 videtur,
799 4001 879 4078 quod
902 4017 959 4060 non
982 4001 1055 4060 satis
1078 4002 1183 4059 merni-

139 4125 258 4198 nerint‚
295 4139 385 4199 quam
412 4121 464 4180 uili
487 4121 580 4199 pretio
610 4121 757 4181 venierint
787 4117 850 4178 haec
877 4117 978 4178 fictilia
1002 4116 1078 4192 apud
1101 4118 1181 4176 anti-
