2902 4704
778 299 840 363 116

697 501 728 564 3.
772 504 915 587 Σκοὶφη

289 641 382 702 quum
404 623 500 702 paiam
522 627 553 684 et
574 623 693 684 lintrem
715 623 879 702 significat,
907 627 971 688 tum
992 601 1120 702 ολοοαοι,
1144 622 1173 682 id
1201 625 1266 700 est,
1299 625 1334 680 ut

289 745 332 802 aii
353 741 516 802 Athenaeus
536 740 592 818 xi,
614 737 690 820 499,
712 740 733 804 i.
756 736 889 822 ἄγγοτον
913 739 1040 820 ξύλινον
1059 738 1255 824 στρογγύλον
1276 737 1332 809 (oi.

287 859 382 920 schol.
405 859 441 920 ad
463 858 515 922 Ar.
538 859 640 946 Equit.
664 855 773 932 1315).
815 860 861 922 De
879 879 938 940 quo
962 879 999 921 ne
1020 860 1200 933 dubitemus,
1221 855 1327 918 conie-

289 994 390 1038 ramus
410 976 488 1038 Livii
511 975 706 1040 “ssuotautem
738 977 873 1059 aireum,
908 980 938 1038 iu
972 997 1033 1057 quo
1064 979 1192 1056 expositi
1224 977 1330 1036 eraut”

289 1095 434 1156 Romulus
455 1101 486 1157 st
507 1096 620 1158 Remus
642 1096 682 1177 (1,
703 1093 753 1176 4),
774 1115 842 1159 oum
865 1095 1016 1158 Plutarch.
1034 1096 1153 1158 Romul.
1167 1089 1204 1157 3:
1226 1091 1330 1158 iver·

287 1234 384 1296 μενος
406 1212 452 1288 εἷς
471 1213 601 1298 σκάφην
622 1211 662 1279 roi
683 1217 796 1300 βρέφη.

373 1331 429 1392 His
450 1331 542 1394 alveis
564 1337 595 1394 et
627 1333 663 1394 ad
691 1334 764 1395 alias
798 1351 845 1394 res
877 1340 909 1394 et
941 1334 1067 1394 maxime
1098 1331 1135 1394 ad
1169 1331 1328 1392 lavandum

288 1451 459 1512 utebantur.
503 1451 589 1530 Apud
611 1451 698 1512 Hom.
711 1443 911 1532 (omnm)
933 1457 1003 1514 sunt
1024 1452 1139 1532 γαυλοί
1159 1473 1192 1514 τε
1206 1451 1329 1532 σκαφί-

287 1567 341 1644 δος
361 1590 395 1632 re
423 1573 595 1652 τετυγμένα
627 1581 692 1646 wig
719 1567 906 1652 ἐνάμελγεν.
961 1569 1055 1632 Feros
1087 1569 1184 1630 meliis
1215 1565 1331 1628 habent

287 1687 366 1765 apud
399 1687 524 1749 Theoor.
546 1683 579 1766 5,
600 1684 654 1764 59,
687 1693 720 1748 et
750 1689 915 1768 Antiphon.
941 1707 989 1768 ap.
1022 1682 1277 1766 nrh.1v,172‚
1302 1705 1328 1747 o.

287 1803 374 1885 Srepe
409 1808 712 1868 nominanturiuter
744 1808 887 1869 culinaria
921 1826 1005 1884 vasa,
1039 1813 1074 1868 ut
1104 1823 1153 1884 up.
1182 1803 1252 1864 nih.
1273 1802 1329 1884 lv,
1443 1823 1446 1832 ·

289 1920 362 2000 169,
385 1925 413 1999 1),
436 1920 508 2005 170,
533 1942 566 2004 ο;
590 1923 716 2002 901111,
736 1921 813 2006 1023
828 1927 879 2007 ai.3
902 1932 934 1986 et
955 1930 1075 1986 maotrae
1097 1924 1216 2003 quidem
1238 1939 1329 1984 usurn

287 2042 447 2120 habebant,
471 2060 498 2104 r.
521 2042 629 2105 Schoii.
652 2043 689 2104 ed
711 2043 762 2104 dr.
793 2043 872 2107 Piut.
895 2040 969 2124 515,
993 2043 1072 2117 Nub.
1094 2035 1164 2102 669
1180 2047 1212 2102 et
1233 2033 1328 2102 1248.

289 2159 335 2219 Er
367 2159 402 2221 ir.
435 2162 647 2239 Aristophanis
682 2180 729 2239 ap.
762 2161 837 2224 Poii.
861 2163 901 2239 X,
923 2158 967 2222 76
999 2163 1153 2241 novimus,
1186 2161 1331 2238 antiquos

287 2278 379 2337 etiam
401 2280 537 2339 vomendi
560 2297 649 2340 causa
671 2281 801 2363 σκάφας
822 2281 975 2344 habuisse.
1018 2279 1051 2340 ln
1080 2279 1173 2370 aireis
1207 2279 1330 2356 exposi-

288 2403 332 2458 tas
355 2398 491 2460 lucernas
513 2415 584 2458 suas
612 2398 758 2459 vendebat
786 2367 964 2478 Cleonymus
995 2400 1025 2458 iu
1059 2397 1109 2458 dr.
1142 2396 1199 2474 Eq.
1233 2391 1328 2455 1315.

208 2495 214 2508 ’
289 2514 515 2576 Panathenaicis
536 2522 636 2578 autem
659 2518 806 2595 peregrini
829 2513 1044 2602 σναφηφόροο,
1067 2533 1144 2594 quos
1156 2517 1185 2575 in
1196 2515 1329 2593 zophoro

286 2631 483 2694 Parthenonis
507 2637 636 2714 spectari
669 2637 835 2696 communis
867 2641 915 2696 est
928 2703 932 2711 ¹
946 2636 1047 2714 opinio
1070 2637 1115 2707 (r,
1133 2627 1210 2693 Pan.
1232 2631 1327 2694 Rech.

288 2749 358 2830 vil,
380 2747 457 2832 67),
490 2753 522 2812 in
553 2753 645 2814 alveis
667 2753 824 2831 portabant
845 2753 927 2814 iaros
949 2758 980 2813 et
1002 2769 1099 2814 ramos
1121 2751 1274 2828 oleaginus
1294 2755 1329 2810 et

286 2867 360 2944 aiia3
394 2869 433 2928 de
463 2867 572 2947 quibus
594 2889 621 2930 r.
644 2870 718 2934 Poii.
740 2869 800 2951 111,
822 2867 866 2931 55
886 2876 917 2932 et
939 2873 1031 2932 Arist.
1054 2869 1136 2932 Euri.
1158 2863 1238 2945 742,
1275 2867 1329 2929 ubi

285 3003 398 3064 pauper
418 2987 491 3048 ciris
513 2989 612 3048 omnia
644 3007 714 3050 vasa
743 3007 798 3050 sua
828 2992 857 3050 in
880 2989 978 3050 iorum
1000 2989 1164 3050 collaturus
1185 3004 1326 3066 pompam

284 3105 431 3182 quandam
454 3107 584 3167 instituit
605 3108 635 3167 in
657 3107 882 3169 similitudinem
907 3108 1141 3168 Panathenaicus.
1187 3105 1327 3166 Huncin

285 3241 372 3284 usum
390 3225 421 3284 iu
435 3223 655 3304 Hecatompedo
668 3227 809 3287 dedicatae
824 3230 907 3287 erant
923 3223 1047 3306 σκάφαι
1059 3223 1183 3306 χαλκαῖ
1193 3221 1323 3301 ἑκατόν,

286 3359 313 3402 ν.
337 3339 424 3421 Corp.
447 3341 540 3405 lusor.
564 3361 595 3404 n.
617 3339 689 3424 156,
711 3363 738 3407 r.
760 3339 818 3424 453
842 3363 869 3404 u.
895 3341 966 3424 151,
990 3363 1018 3406 v.
1036 3339 1089 3406 26.

371 3457 524 3538 Frequens
546 3461 691 3539 imprimis
713 3467 759 3523 osi
780 3480 855 3524 usus
877 3463 929 3546 γῆς
949 3461 1073 3546 σκάφης
1105 3463 1135 3522 in
1169 3430 1330 3540 lavatione,

285 3573 522 3656 utrorum?
543 3581 677 3642 interea
699 3598 768 3640 rasa
791 3582 884 3663 ponit,
907 3582 1017 3660 quibus
1039 3581 1130 3659 pedes
1153 3580 1327 3640 ablnuntur.

283 3693 399 3756 Laudat
423 3695 450 3756 is
471 3697 604 3778 AEschyii
628 3717 733 3760 versus
753 3717 789 3758 ex
811 3699 958 3778 Sisypho:

325 3815 387 3876 Καὶ
407 3816 525 3898 νίπτρα
546 3812 585 3900 δὴ
604 3813 664 3902 χρὴ
686 3816 863 3899 θεοφόρων
884 3813 997 3881 ποδῶν
1018 3819 1137 3900 φέρειν’

324 3929 550 4015 λεονοαβᾰμαν
570 3937 635 4000 ποῦ
655 3933 763 4018 σκάφη
782 3934 1000 4018 χαλκήλατοςγ

282 4050 302 4109 i.
326 4066 352 4110 e.
374 4049 469 4126 peinis
491 4069 582 4112 aenea
605 4051 732 4114 leoninis
755 4053 879 4130 pedibus
907 4056 1059 4128 insistens,
1083 4070 1155 4134 non,
1190 4058 1224 4114 ut
1250 4054 1327 4114 mire

281 4167 438 4226 admodum
461 4169 704 4247 interpretantur,
738 4169 883 4232 leonibus.
938 4172 1066 4231 Maximo
1096 4172 1125 4230 in
1155 4171 1267 4230 morbis
1301 4173 1329 4230 si
