2906 4716
791 261 835 326 34

710 347 933 359 affl

299 483 393 546 quum
415 467 444 527 in
467 467 574 528 esteris
602 465 745 528 conviviis
768 465 971 528 tantummodo
993 465 1080 528 doliis
1102 465 1244 528 iictiiibus
1271 471 1341 528 ute-

301 585 414 646 rentur.

678 697 710 764 3.
752 700 945 785 Στάμνος.

382 853 407 914 Α
431 853 529 933 doliis,
559 873 687 933 quorum
709 856 855 916 maximos
877 859 925 914 est
946 853 1086 937 ambitus,
1119 855 1281 915 transimus
1299 855 1340 916 ad

300 973 414 1034 minora
430 987 517 1050 vasa,
539 991 606 1051 quaa
627 974 722 1052 magis
743 973 854 1034 habitin
876 977 946 1034 sunt
967 973 1003 1033 ad
1026 975 1095 1035 rita
1117 989 1190 1032 usus
1212 975 1242 1031 et
1263 970 1340 1032 iaci-

300 1089 358 1151 iius
385 1092 497 1177 portari
524 1095 661 1170 possunt.
704 1089 787 1152 inter
814 1109 881 1170 quae
910 1092 1041 1170 primum
1070 1107 1341 1172 commemoremus

298 1207 454 1291 στοίμνοος
475 1211 538 1270 sive
559 1211 708 1292 σταμνία,
731 1225 857 1286 quorum
880 1227 953 1270 usus
976 1209 1045 1269 indo
1068 1207 1105 1270 ab
1115 1210 1225 1270 Atticis
1240 1209 1340 1286 scrip-

297 1327 413 1388 toribus
435 1345 489 1406 μοι»
510 1344 613 1388 omnes
640 1331 743 1390 aetates
764 1327 905 1405 irequens
932 1331 980 1387 est
1009 1345 1101 1406 quum
1130 1325 1167 1386 nd
1190 1325 1264 1386 alias
1285 1341 1340 1386 res

297 1444 476 1522 condendas,
508 1449 543 1508 ut
563 1444 662 1506 oleum
684 1451 727 1522 (v.
750 1420 881 1524 Hasyoh.
906 1463 934 1506 v.
957 1445 1175 1529 σταμνοῦροι),
1210 1448 1274 1504 tum
1297 1443 1338 1504 ad

299 1565 400 1623 vinum
426 1565 471 1642 (v.
492 1563 644 1642 Aristoph.
673 1563 745 1642 [γε.
779 1557 841 1624 196
869 1581 936 1642 sqq.
964 1568 994 1623 et
1022 1581 1069 1642 ap.
1094 1561 1169 1625 Poii.
1192 1561 1238 1639 X,
1271 1556 1336 1640 723

298 1681 451 1744 Demosth.
479 1680 589 1744 Laorit.
610 1676 670 1764 323
703 1680 754 1742 irr.
780 1681 927 1762 Ephippi,
962 1679 1133 1761 Hermum,
1154 1677 1337 1758 Menandri,

298 1797 430 1859 Platonis
452 1801 557 1861 comici
579 1817 625 1878 ap.
647 1799 719 1862 Aah.
742 1798 774 1879 1,
802 1794 863 1881 29,
886 1799 922 1880 d,
953 1815 986 1881 e;
1014 1797 1075 1878 iv,
1110 1792 1189 1878 146,
1212 1810 1246 1877 ος
1280 1795 1336 1874 xi,

296 1912 377 1991 783,
407 1918 452 1990 d).
497 1917 568 1977 inde
601 1918 721 1981 ductum
756 1917 835 1996 quod
857 1935 905 1996 ap.
929 1917 1023 1978 Arist.
1050 1915 1126 1978 Rau.
1153 1907 1197 1972 22
1224 1913 1338 1976 dicitur

297 2033 450 2110 Διόνυσος
469 2031 538 2109 οἷὸς
556 2039 729 2117 Σταμνίου.

361 2151 511 2212 Datorma
529 2152 603 2213 nihil
622 2157 749 2233 constat,
769 2154 825 2213 nisi
844 2153 922 2232 quod
935 2171 1021 2214 ansas
1032 2152 1208 2232 piarumque
1219 2148 1335 2211 afuisse

162 2290 174 2300 ’
295 2269 431 2332 concludi
460 2274 559 2349 potest
581 2289 617 2331 ex
639 2269 785 2350 Hesycn:
812 2274 910 2354 βίοτος·
938 2269 1075 2352 στοὶμνος
1095 2263 1162 2333 ὦτα
1182 2266 1273 2351 ἔχων,
1287 2273 1335 2354 νοί

295 2387 461 2466 Etymolog.
483 2385 535 2451 M.:
559 2384 729 2474 α’μφορεύς·
748 2384 784 2453 τὸ
805 2386 1009 2471 ἑκατέρωθεν
1031 2385 1145 2452 δίωτον
1165 2387 1335 2468 σταμνίον.

294 2505 353 2568 Sed
387 2525 425 2567 na
456 2507 514 2569 hoo
546 2505 666 2586 quidem
698 2509 859 2569 tenendum
892 2511 1035 2586 putarunt
1064 2507 1094 2566 in
1123 2504 1335 2568 constituenda

295 2623 389 2685 torma
412 2624 482 2688 Pan.
506 2619 840 2709 ill‚23etGar1qard.
865 2626 1008 2704 Rapport.
1029 2623 1113 2686 Volo.
1137 2617 1216 2701 (quo
1236 2623 1335 2700 perti-

294 2744 366 2800 nent
394 2743 503 2802 tabuiae
530 2762 566 2804 ex
594 2741 674 2806 Mon.
697 2741 777 2803 iood.
799 2742 829 2822 1,
858 2738 902 2802 26
922 2747 953 2804 at
974 2738 1032 2816 27)
1054 2734 1147 2806 11.ae
1169 2745 1199 2800 et
1220 2739 1334 2802 Uitime

293 2847 440 2919 Ri'oerche
462 2859 590 2951 (nonnis
607 2859 740 2924 instituti
762 2861 819 2924 voi.
843 2860 921 2944 vill,
946 2861 1004 2922 tab.
1026 2858 1066 2937 C)
1090 2877 1140 2920 nn.
1164 2853 1205 2918 16
1226 2859 1256 2920 ὢ
1278 2851 1334 2918 17.
1402 2880 1404 2884 ·

292 2974 376 3036 istud
398 2993 450 3037 nas
471 2977 558 3055 ionga
579 2977 655 3040 aiios
677 2979 795 3056 generis
817 2982 873 3060 est,
899 2979 1085 3059 pertinetque
1107 2977 1145 3039 ad
1166 2975 1333 3038 secuudum

294 3099 427 3158 nostrum
443 3101 546 3176 sapui.
1302 3065 1311 3076 x

705 3261 742 3368 ci.¹
779 3272 901 3341 Βίκος

292 3437 350 3480 non
374 3423 407 3480 ut
428 3416 565 3502 στάμνος
586 3419 676 3480 etiam
692 3420 857 3498 posteriore
872 3421 1004 3497 tompore
1021 3417 1051 3476 in
1068 3431 1125 3477 usu
1139 3419 1213 3496 erat,
1236 3430 1331 3492 quare

290 3538 474 3615 grammatici
498 3537 620 3616 quidam
646 3538 675 3596 in
698 3535 865 3602 definienda
885 3535 1020 3599 vocabuli
1043 3535 1071 3595 vi
1092 3535 1223 3614 graviter
1245 3549 1330 3591 erra-

292 3660 407 3715 verunt.
439 3653 516 3716 Nam
537 3673 574 3715 ex
595 3653 717 3714 Polluce
732 3652 858 3714 Pariano
880 3655 971 3726 tradit
991 3653 1153 3714 Athenaeus
1175 3640 1330 3727 111384,

289 3772 320 3847 d,
342 3789 409 3831 essa
430 3770 593 3856 φιαλῶδες
614 3771 783 3858 ποτήριον,
828 3775 859 3832 rt
880 3773 1063 3850 grammatici
1082 3787 1135 3847 ap.
1158 3766 1329 3827 Bekkerum

290 3887 419 3967 (Aneod.
443 3883 517 3968 226,
541 3887 600 3967 ln)
623 3857 713 3955 etiam
735 3891 792 3952 alia
814 3892 991 3950 coniectant.
1025 3887 1150 3948 Veriora
1163 3885 1253 3947 tradit
1263 3883 1330 3944 He·

289 4007 411 4086 sychius
432 4007 497 4068 iooo
519 4025 609 4087 supra
631 4009 752 4070 laudato
771 4012 802 4070 et
823 4007 964 4070 Eustath.
986 4006 1022 4066 ari
1045 4004 1079 4064 11.
1101 4019 1131 4084 o,
1154 3996 1249 4076 1163,
1270 3995 1326 4080 23,

288 4142 356 4186 esse
377 4122 545 4206 οίνοδόχον
567 4121 713 4206 ἅγγείον,
746 4131 777 4186 et
804 4127 840 4188 ad
870 4125 928 4188 Od.
952 4126 990 4204 β,
1015 4117 1116 4201 1445,
1149 4115 1201 4198 49,
1232 4119 1325 4181 vidoni
