2902 4704
631 311 693 378 165

548 401 768 412 ——-—-

29 519 37 532 '
132 518 272 599 videmus
292 535 340 596 ap.
362 517 454 578 schol.
480 515 546 580 Pac.
560 511 655 594 1242,
678 523 709 580 et
731 519 788 580 boc
809 519 931 597 quidem
953 521 1176 584 interbomines

132 635 221 696 valde
242 635 375 717 sobrios3
398 653 467 696 uam
488 655 565 715 aqua
586 639 722 699 utuntur.
766 636 811 698 lix
832 637 924 698 altera
947 643 1030 717 parte
1049 644 1178 702 trutinae

134 753 323 832 suspendunt
345 753 508 834 ellychnia;
532 755 596 816 bec
619 757 648 816 in
671 773 780 834 aquam
809 760 943 818 dernersa
971 757 1097 820 humore
1120 761 1177 820 im·

134 872 237 952 pleut;
260 859 322 932 turn
344 871 468 932 alteram
490 875 609 934 trutinae
631 880 746 953 partem
769 875 906 936 celeriter
928 876 1113 954 deprimunt,
1143 883 1178 938 ut

137 1009 156 1052 e
179 990 297 1051 madido
318 989 466 1070 ellychnio
489 996 667 1070 spargantur
689 997 780 1070 gutte
802 1007 904 1070 aquae:
927 993 1102 1056 baecsutenr
1115 1001 1181 1057 erat

138 1109 203 1170 sive
225 1109 378 1184 doctrine,
401 1111 464 1170 sive
486 1108 614 1170 lortuuoe
636 1110 711 1187 laus,
734 1111 760 1169 si
776 1113 868 1188 gutte
890 1129 949 1170 non
972 1113 1002 1172 in
1025 1114 1177 1190 pavimen·

140 1233 216 1306 tum,
238 1227 290 1288 sed
314 1228 343 1286 in
366 1226 481 1306 cymbia
508 1229 642 1306 quedam
665 1227 740 1288 inira
762 1230 860 1306 posita
883 1230 1068 1290 cecidissent.

225 1344 283 1405 Sed
295 1345 363 1422 quis
375 1363 433 1404 nnn
445 1345 541 1424 videt,
564 1347 652 1406 talem
675 1345 776 1407 ludum
800 1347 1063 1409 innumerabilibus
1082 1349 1177 1409 modis
1211 1311 1213 1316 Ι

142 1479 231 1542 posse
252 1463 377 1542 variari3
410 1480 486 1540 quos
513 1465 537 1523 si
572 1465 620 1525 cui
650 1465 770 1525 libuerit
803 1483 998 1544 cognoscere,
1029 1470 1177 1543 auctores,

142 1597 217 1658 quos
250 1579 451 1662 laudavimus,
483 1581 625 1659 perlegat.
682 1581 743 1642 Nos
777 1582 903 1644 tortasse
938 1585 996 1644 iam
1029 1583 1179 1662 longiores

143 1715 256 1774 sumus,
279 1697 337 1758 nisi
358 1699 477 1759 uomina
500 1700 634 1777 quaedam
655 1717 692 1790 eo
721 1701 899 1778 pertinentia
921 1702 1177 1762 commemoranda

142 1820 238 1877 erant.
301 1819 495 1898 Κοτταβεϊον
517 1817 670 1880 dicebatur
691 1835 815 1896 aenum,
845 1817 874 1876 in
903 1819 982 1895 quod
1012 1819 1112 1878 vinum
1135 1817 1178 1878 ia·

143 1933 328 2013 culabantur,
360 1952 389 1996 v.
410 1933 481 1996 ltu.
502 1929 578 2016 667,
601 1935 627 2015 l3
660 1937 750 1996 etiam
782 1934 951 2016 κότταβος,
971 1929 1045 2010 666,
1068 1935 1097 1996 d.
1116 1951 1119 1956 ·
1140 1933 1180 1995 Et

142 2072 235 2132 quum
256 2053 421 2131 antiquitus
443 2071 478 2114 ex
501 2054 538 2113 iis
561 2054 685 2132 poculis,
708 2071 774 2132 quae
796 2053 930 2131 aderant,
956 2053 1056 2112 viuum
1079 2053 1179 2130 proie-

142 2171 269 2251 cissent,
302 2189 370 2231 mox
402 2175 490 2232 aucto
522 2172 622 2232 studio
655 2173 796 2232 maiorem
828 2174 1001 2250 apparatum
1033 2168 1177 2232 lecerunt.

143 2287 268 2366 Propria
290 2288 438 2349 conclavia
461 2289 587 2349 rotunda
609 2289 679 2350 lruic
701 2289 770 2349 ludo
792 2289 898 2349 idonea
910 2291 1080 2348 constructa
1097 2291 1177 2363 sunt,

142 2411 175 2468 et
195 2406 302 2468 calices
324 2405 450 2467 conlecti
472 2405 508 2466 ad
531 2406 588 2468 hoc
610 2425 704 2498 genus
733 2405 962 2482 accommodati,
995 2401 1179 2484 κοτταβίδες

144 2527 274 2604 nomine,
296 2544 324 2587 v.
346 2524 539 2602 Hegesauder
560 2541 606 2602 ep.
628 2523 698 2584 lltb.
721 2521 776 2602 xl,
797 2498 872 2601 479,
895 2539 920 2584 c.
942 2540 1009 2600 sqq.
1046 2519 1178 2582 Panolka

144 2659 196 2703 vas
218 2645 328 2721 pictum
341 2639 422 2718 (l'll,
432 2635 476 2700 37
481 2657 491 2722 3
514 2641 637 2702 Becker.
649 2638 776 2703 Charicl.
789 2641 849 2702 tab.
860 2635 891 2716 3,
903 2635 941 2713 2)
953 2629 1063 2700 cottabi
1075 2637 1177 2697 ludum

143 2761 301 2822 ostendere
326 2764 425 2840 putat3
458 2757 596 2837 equidem
631 2759 704 2820 nihil
737 2759 862 2820 videos
897 2756 1011 2836 vulgari
1044 2755 1179 2818 convivio

143 2879 282 2940 alienum.

229 2996 269 3059 Ut
294 2997 410 3058 hastam
438 2999 467 3057 in
498 3014 613 3077 pugna,
644 2998 685 3057 its
708 2997 737 3056 in
760 2994 880 3058 cottabo
907 2995 1007 3054 vinum
1034 2990 1179 3068 (λάταγα

144 3113 316 3196 κότταβον)
339 3133 454 3176 summa
475 3116 503 3175 vl
527 3113 720 3189 emittebant,
742 3117 773 3172 et
794 3116 933 3173 constans
956 3113 1002 3170 est
1023 3109 1180 3184 utriusque

143 3235 315 3294 certaminis
336 3233 517 3310 comparatio
546 3231 623 3310 apud
647 3230 816 3307 scriptores
864 3227 962 3287 Etiam
993 3228 1094 3286 viuum
1123 3219 1181 3288 ἀπ’

144 3347 282 3434 άγκάλης
312 3351 489 3429 proliciunt,
525 3367 551 3410 v.
585 3347 654 3410 lltb.
677 3346 752 3425 XV,
783 3339 859 3423 667,
882 3361 913 3424 c,
947 3343 1002 3421 Xl,
1034 3336 1108 3422 782,
1141 3342 1176 3419 d3

144 3463 334 3552 άγκολητούς
356 3467 526 3551 κοττάβους
547 3468 662 3526 dixerat
682 3464 840 3543 AEscbylus
852 3455 938 3541 (782,
950 3465 1000 3542 e),
1023 3461 1176 3522 Anacreon

143 3605 190 3666 ap.
213 3585 282 3646 Ath.
304 3585 346 3662 X,
366 3581 441 3667 4⁶27,
464 3586 499 3647 d:
522 3580 692 3648 Σικελικὸν
719 3582 876 3664 κότταβον
904 3576 1023 3670 άγκύλῃ
1051 3575 1179 3651 δαΐζων,

142 3706 174 3768 b.
199 3723 224 3766 e.
247 3704 402 3766 iaculando
425 3702 569 3764 infestans
591 3702 760 3777 cottabum,
794 3705 827 3760 ut
848 3701 971 3777 opinor,
1005 3713 1065 3756 vas.
1079 3696 1178 3754 vinum

143 3825 302 3902 recipiens,
324 3818 359 3886 τὰ
381 3824 576 3902 κοπαβοῒον·
604 3820 709 3892 (nimis
731 3817 887 3879 temeraria
914 3816 1085 3874 coniectura
1108 3812 1180 3872 llin-

143 3940 255 4002 dorlius
278 3935 454 4017 άγκυλίζων
476 3938 622 4016 scripsit).
665 3935 786 3996 Talibus
813 3933 887 3994 locis
908 3931 985 3992 male
1011 3929 1179 4003 intellectis,

141 4065 176 4120 ut
199 4057 311 4120 Cratini
334 4051 408 4138 782,
440 4058 474 4120 d:
512 4051 650 4137 άκράτοο
671 4050 729 4118 δύο
748 4051 829 4134 χοάς
849 4042 980 4123 πίνακά,
1003 4043 1061 4111 cire
1081 4041 1180 4126 α’γκά·

143 4177 199 4259 λης
220 4173 466 4257 ἐπονομάζοντα
488 4179 551 4258 ῑησι
573 4170 718 4252 λάταγας
739 4169 782 4258 τῷ
802 4168 983 4254 Κορινθίῳ,
1018 4163 1066 4226 ubi
1092 4163 1181 4224 verba
