2906 4716
642 277 685 342 77

146 488 274 562 utroque
297 486 397 545 autem
419 481 537 544 delicati
564 481 700 544 hemines
727 485 854 546 maxime
875 483 994 548 solliciti
1020 489 1122 563 eraut,
1154 489 1186 545 et

147 606 181 664 ut
209 601 338 663 calidum
364 619 453 680 quam
482 602 608 664 maxime
637 601 764 682 caleret,
798 605 830 664 et
862 607 897 665 ut
927 602 1066 682 trigidum
1094 619 1184 682 quarn

147 722 273 782 maxime
289 717 422 797 frigeret.
466 718 510 780 ue
532 719 628 781 calido
650 725 716 798 post
740 721 921 800 videbimus3
945 723 982 783 ad
1004 720 1098 799 lrigus
1113 735 1184 782 veru

148 838 220 900 nihil
244 836 395 899 efficacius
417 837 591 913 habebatur,
614 857 703 918 quam
716 840 781 920 nix3
803 857 871 900 nam
894 839 1018 918 glaciem
1040 857 1108 902 raro
1130 839 1184 900 ha·

146 955 266 1033 lebant,
289 960 320 1017 et
341 955 469 1017 Neronis
490 956 609 1018 demum
632 958 784 1018 inventum
806 962 881 1037 erat,
903 957 1055 1018 decoctam
1077 973 1184 1036 aquarn

148 1076 177 1136 iu
199 1074 325 1153 glaciem
347 1077 520 1135 conuertere
542 1072 634 1147 (Plin.
657 1074 743 1152 xlx,
767 1071 819 1149 19,
833 1070 892 1154 553
914 1074 1030 1158 xxxi,
1051 1070 1185 1154 2240).

149 1192 253 1254 Nivem
275 1197 394 1272 autem,
426 1209 486 1272 quo
508 1193 629 1254 maioris
661 1198 742 1255 esset
763 1193 904 1274 effectus,
937 1212 1005 1255 curn
1027 1196 1093 1274 ipsc
1114 1197 1185 1254 rino

153 1311 277 1374 miscere
306 1329 364 1372 nou
393 1309 571 1372 verebuntur
598 1312 714 1390 antiqui
748 1317 791 1386 (ν.
819 1311 942 1375 Strattis
967 1331 1014 1392 ap.
1036 1312 1108 1376 atu.
1131 1311 1185 1392 lll,

152 1424 223 1510 124,
246 1431 281 1492 d:
301 1426 387 1512 χιόνι
407 1431 610 1512 μεμιγμένον,
632 1428 670 1492 ci.
693 1429 777 1504 Xlll,
798 1425 873 1508 579,
896 1430 940 1512 i),
974 1449 1046 1513 nec,
1078 1432 1104 1491 si
1127 1449 1185 1492 uon

149 1565 266 1627 semper
287 1565 411 1626 prorsus
432 1565 507 1626 pura
528 1551 594 1608 erat
615 1548 676 1626 nix,
699 1549 758 1610 tale
780 1549 884 1610 vitium
907 1549 1051 1610 curabant
1067 1547 1185 1628 trigoris

149 1667 246 1747 cupidi
269 1672 312 1741 (ν.
323 1665 400 1727 Plin.
422 1663 540 1745 xxxi,
563 1664 582 1725 l.
594 1665 641 1739 1.).
684 1665 759 1728 Nive
783 1671 883 1728 autem
906 1669 947 1728 itu
969 1670 1097 1730 maxime
1118 1669 1186 1728 ute·

150 1784 273 1862 bantur,
296 1788 331 1846 ui
352 1802 406 1864 per
427 1784 521 1844 colum
542 1787 594 1844 aut
615 1800 735 1846 succum
758 1786 833 1846 nivis
854 1786 974 1864 plenum
997 1785 1187 1864 percolerent

149 1904 266 1984 riuum,
299 1921 326 1962 v.
348 1901 476 1965 Martial.
497 1901 581 1981 XIV,
606 1897 677 1982 103,
703 1897 780 1982 1043
810 1902 932 1964 Becker.
954 1901 1030 1966 Gall.
1052 1901 1091 1980 ll,
1115 1897 1186 1964 170.

151 2020 266 2100 Duplex
287 2024 335 2080 est
357 2020 489 2081 colorum
511 2037 616 2100 genus,
642 2020 770 2082 alterurn
792 2022 949 2102 maiorum,
972 2039 1039 2100 quae
1061 2023 1186 2082 crateris

151 2137 388 2219 imponebantur,
411 2141 445 2199 ut
466 2140 496 2199 iu
519 2155 666 2200 marmure
678 2137 814 2216 Sigeeusi
835 2139 982 2212 (Bceclrh.
1004 2135 1186 2212 u.1.n.8):

151 2255 291 2340 κρατῆρα
318 2251 515 2323 xciutnrcccu
540 2259 594 2320 acl
621 2252 741 2343 ἡθμόν,
760 2263 806 2324 ,ει
833 2260 863 2320 in
891 2257 1058 2336 AEgiuetico
1087 2255 1137 2330 (C.
1161 2256 1186 2318 l.

152 2393 179 2437 u.
189 2369 302 2452 2139),
326 2375 413 2453 quale
425 2379 600 2453 argenteum
612 2375 761 2456 Pompeiis
772 2379 925 2437 inventum
943 2381 1000 2449 est,
1023 2393 1049 2438 v.
1062 2375 1187 2437 Becker.

151 2491 227 2554 Gall.
251 2491 310 2555 tab.
332 2489 365 2573 4,
388 2512 417 2556 n.
437 2491 475 2571 93
507 2493 634 2556 alierum
660 2495 825 2574 minorum,
859 2494 968 2572 quibua
1000 2493 1037 2554 ad
1070 2493 1186 2571 singula

151 2611 253 2690 pocula
276 2611 445 2691 utebantur,
467 2611 630 2691 uEpigen.
652 2629 700 2691 ap.
713 2612 785 2673 ltu.
800 2610 854 2692 xl,
875 2607 950 2689 469,
972 2625 1005 2674 e:
1032 2610 1187 2695 μμκτῆρα,
1270 2693 1283 2714 ,

49 2721 53 2742 '
151 2728 288 2808 κύαθον,
310 2733 442 2812 κυμβία,
465 2726 542 2816 ῥυτὰ
563 2732 711 2813 τέτταρα,
732 2725 927 2815 ἡδυποτίδας
948 2738 1043 2812 τρεῖς,
1075 2724 1188 2815 ἠθμὸν

152 2841 318 2931 ἀργυροῦν.
361 2849 432 2910 Tale
454 2850 552 2912 colum
579 2849 667 2927 longo
696 2848 852 2910 manubrio
873 2849 1052 2909 instructum
1074 2850 1187 2927 pictum

151 2969 306 3045 spectatur
317 2966 346 3026 iu
358 2968 484 3046 pariete,
496 2967 619 3030 ullerc.
633 2972 664 3027 et
676 2965 778 3047 Pomp.
790 2959 899 3048 ll,·20;
923 2971 1056 3027 etaeuea
1068 2967 1187 3028 inventa

151 3087 232 3165 sunt,
254 3084 311 3145 vin.
333 3083 421 3148 Herc.
444 3089 475 3146 et
497 3085 600 3164 Pomp.
615 3084 664 3165 Vl,
686 3078 738 3146 68.
781 3083 886 3144 Fictile
907 3083 1016 3160 colum,
1039 3083 1119 3163 qued
1141 3088 1189 3146 est

153 3202 182 3262 iu
204 3219 308 3263 muscc
331 3201 422 3280 Regis
450 3202 553 3263 Dante
579 3223 607 3266 n.
628 3198 703 3282 475,
725 3221 752 3263 v.
775 3200 919 3262 Letrcun.
942 3199 1070 3262 Obserr.
1092 3195 1187 3279 aas,

87 3293 92 3301 ἱ
153 3320 189 3380 ad
207 3320 322 3381 minora
343 3322 525 3399 pertinuisse
547 3321 645 3384 credo.
690 3320 751 3382 Nec
773 3324 871 3381 tumen
893 3319 1032 3398 proprius
1045 3318 1187 3379 culturus

154 3441 217 3498 erat
238 3435 275 3498 ad
297 3437 545 3521 refrigerandum,
574 3439 627 3500 sed
649 3438 686 3501 ad
709 3437 882 3518 liquaudurn
910 3439 1030 3515 vinum3
1063 3436 1113 3497 ille
1134 3453 1189 3497 cu·

154 3555 251 3618 mulus
272 3556 406 3616 adiectus
428 3562 485 3618 eat.

238 3672 297 3734 Sed
326 3675 465 3751 quoniam
493 3678 542 3736 nix
578 3691 633 3737 nec
662 3691 780 3754 semper
811 3673 914 3735 aderat
949 3678 979 3734 et
1015 3671 1190 3752 plerumque

155 3807 259 3868 magno
281 3791 395 3871 stabat,
430 3775 591 3854 utebantur
622 3793 712 3854 etiam
744 3790 801 3852 aliu
833 3791 1188 3870 refrigerandi-ratione,

155 3911 187 3966 ut
207 3909 308 3969 riuum
331 3910 361 3968 in
383 3915 508 3990 puteum
530 3911 748 3987 demitteretur,
771 3901 829 3974 vid.
851 3928 899 3989 ap.
915 3908 1050 3986 ntulit,
1064 3904 1136 3986 1⁶24,
1159 3907 1187 3968 d.

156 4024 292 4090 Strattis:
315 4027 500 4110 ψυχόμενον
521 4025 558 4092 ἐν
579 4028 622 4115 cpi
642 4029 768 4110 φρέατι,
789 4031 820 4089 el
841 4025 1005 4107 Lysippus:
