2902 4704
637 243 696 308 107

550 330 779 342 ---——-——-

517 443 546 509 2.
588 443 805 530 Ἀρύστιχος

143 569 241 628 minor
256 571 331 644 erat,
353 566 389 626 ad
403 566 502 628 vinum
517 565 715 626 hauriendum
730 569 830 644 aptus.
875 565 968 628 Recte
980 568 1071 645 igitur
1082 565 1180 627 Schol.

142 686 195 746 Ar.
215 684 302 763 Vesp.
321 677 401 744 855:
426 679 560 764 ἀγγεῖόν
582 681 674 758 ἐστιν,
697 677 725 772 ᾦ
745 655 836 748 ἔστιν·
851 678 1047 766 ἀρύσασθαι,
1068 684 1182 768 κοτύλη

141 801 163 886 ἢ
184 797 318 878 κύαθος.
351 801 434 862 Alter
445 799 594 885 οἰνοχόην
616 787 838 882 interpretatur,
861 804 959 864 minus
972 810 1121 882 accurate,
1145 808 1179 866 ut

142 921 270 982 videtur.
313 918 356 982 Cl.
379 918 485 980 Pollux
515 919 565 996 Vl,
589 906 646 999 19'3
676 919 823 999 liesych.q
846 920 883 981 al.
927 920 1048 982 Talibus
1071 921 1180 998 trullis,

142 1041 213 1118 quia
225 1039 446 1118 quummaxime
457 1039 576 1117 adsunt,
599 1037 749 1100 Philoclen
768 1039 798 1098 in
811 1037 917 1116 Vespis
939 1039 958 1102 l.
971 1040 990 1101 Ι.
1011 1040 1105 1100 utitur
1128 1057 1181 1117 pro

142 1157 249 1218 sitellis
272 1157 498 1218 iudiciariis-
521 1155 650 1217 Panolka
663 1155 758 1237 (RV,
771 1149 828 1230 98)
851 1155 1011 1235 ampullam
1034 1158 1182 1234 quandam

142 1275 201 1336 hoc
222 1277 342 1336 nomine
363 1275 539 1353 appellavit,
569 1274 649 1353 quod
672 1279 705 1336 ut
727 1279 809 1334 recte
832 1274 979 1352 improbat
1000 1273 1181 1336 Latronnius

142 1393 237 1472 (Eph.
254 1393 306 1454 Er.
330 1385 426 1470 1833,
449 1411 479 1470 p.
502 1385 595 1472 618),
619 1394 659 1454 ita
681 1393 871 1453 vehementer
892 1396 983 1472 errat,
1007 1393 1085 1470 quod
1109 1400 1182 1469 pott-

142 1512 235 1570 ticum
253 1510 498 1572 hoclocahulnm
514 1509 596 1570 dixit.
641 1509 694 1570 llis
712 1510 817 1572 saltem
839 1512 868 1571 in
890 1510 979 1572 rebus
1001 1511 1066 1570 iure
1087 1512 1179 1588 quatri

142 1633 252 1708 potest,
276 1634 309 1690 ut
330 1630 373 1690 ait
393 1627 537 1690 Horatius
559 1627 637 1702 (Sat.
656 1627 679 1707 Ι,
691 1622 723 1705 4,
735 1623 805 1704 45),
828 1629 980 1689 comoedia
1002 1637 1107 1706 poema
1129 1630 1179 1707 sit,

141 1765 244 1810 necne.
288 1746 447 1808 Relellitur
468 1747 559 1808 ctiam
581 1745 705 1824 sculptis
729 1747 939 1821 monumentis,
962 1764 1030 1808 nam
1048 1748 1077 1806 in
1099 1764 1180 1806 mar·

140 1882 226 1925 more
237 1864 403 1941 AEginetico
416 1883 463 1943 ap.
478 1863 609 1926 Boeclrh.
633 1862 666 1927 C.
688 1864 710 1928 l.
729 1883 758 1926 n.
771 1849 856 1924 Ι2139
867 1868 997 1924 extrema
1010 1863 1098 1925 verba
1110 1869 1180 1924 sunt

140 1977 315 2066 α’ρύσαχος,
336 1976 453 2066 ἤθμός.
499 1981 637 2044 Fortasse
659 1985 778 2062 proprie
800 1983 978 2042 adiectivum
999 1980 1070 2058 tuit,
1104 1999 1180 2059 quo·

142 2103 223 2161 niam
243 2099 406 2192 atheneus
428 2101 469 2178 X,
491 2095 565 2180 424,
588 2120 614 2164 c.
639 2121 675 2162 er
701 2100 872 2180 Phrynicho
894 2101 966 2162 c'itat
987 2096 1085 2164 κύλικ’
1106 2095 1179 2182 α’ρύ·

140 2233 256 2299 σαχον,
279 2218 331 2278 sed
354 2237 390 2279 cx
413 2223 474 2280 tum
496 2220 622 2298 abrupto
645 2220 709 2280 loco
732 2219 805 2278 nihil
827 2193 963 2279 concludi
986 2223 1094 2298 potest.

226 2337 293 2398 Alia
320 2339 438 2398 nomina
467 2357 502 2398 cx
531 2333 642 2420 α’ρύειν
670 2338 801 2398 derivata
829 2337 954 2396 eandem
975 2336 1086 2397 hahent
1108 2337 1178 2412 vim,

141 2460 175 2516 ut
198 2449 313 2540 cipvrp‘p
336 2455 479 2517 Herodoti
503 2455 560 2535 (ll,
585 2449 676 2536 168),
700 2453 825 2536 ἄρασας
847 2453 1001 2533 Sophoclis
1023 2451 1178 2531 (Athxl,

140 2567 215 2651 783,
238 2573 288 2654 f),
323 2569 458 2660 α’ρυστήρ
485 2574 663 2652 Simonidis,
701 2569 843 2656 cipvooc'vp
864 2573 997 2633 Timonis
1026 2571 1114 2652 (ath.
1137 2570 1178 2649 X,

140 2687 214 2771 4⁶24,
239 2691 285 2771 b),
308 2687 453 2776 α’ρυστρίς
473 2693 635 2753 Aristonici
657 2692 726 2774 (vl,
748 2687 840 2768 306).

228 2809 396 2895 Olnppvow
425 2812 500 2872 dixit
527 2811 743 2890 Aristophanes
769 2811 844 2875 Aah.
870 2805 968 2889 1067,
996 2807 1046 2869 uhi
1069 2806 1177 2868 schol:

139 2932 195 3012 τὴν
216 2926 270 2992 τοῦ
289 2929 379 2993 οἴνου
400 2928 542 3012 κοτύλην,
564 2922 584 3022 ᾗ
606 2923 769 3010 α’ρύονται.
812 2929 956 2990 Eiusdem
977 2928 1094 3006 generis
1113 2925 1178 2988 luc-

140 3051 212 3108 runt
239 3047 371 3128 vascula,
405 3048 515 3126 quihus
541 3049 608 3127 puls
630 3053 662 3108 et
687 3047 990 3124 iuslhau'riehantum
1024 3043 1180 3127 ἔτνήρυσις

141 3165 211 3242 (Ar.
222 3165 298 3228 Aah.
315 3159 396 3243 245)
419 3169 450 3227 et
471 3165 640 3249 ζωμήρυσις
661 3165 823 3245 (Anaxipp.
836 3183 883 3242 ap.
897 3163 968 3224 dth.
981 3161 1033 3241 lv,
1048 3157 1120 3238 169,
1132 3160 1179 3236 b).

230 3281 294 3350 Τὸν
315 3280 482 3367 ἀρύστιχοι)
504 3285 594 3344 etiam
616 3281 768 3368 ἔφηβον
790 3285 925 3342 vocatum
947 3298 1014 3340 essa
1036 3280 1178 3340 docemur

142 3419 158 3461 a
181 3401 280 3464 schole
298 3402 350 3466 hr.
375 3400 463 3481 Vasp.
482 3397 555 3464 855.
599 3399 656 3462 Sed
679 3401 797 3462 videtur
817 3399 894 3460 male
916 3398 1064 3476 explicare
1087 3397 1179 3458 ratio-

143 3537 211 3579 nem
234 3521 373 3598 nominis,
394 3517 474 3604 ἥβην
490 3520 592 3580 dicans
614 3520 753 3597 antiquos
775 3511 1177 3596 appellasserdcdprrsodar

141 3633 225 3700 rard
247 3632 304 3712 τὰς
325 3632 464 3720 maxime,
487 3638 566 3716 quod
579 3616 817 3716 minimacrad03
839 3635 938 3713 potius
961 3649 1068 3694 nomen
1092 3634 1179 3709 pueri

141 3755 338 3816 adolescentis
360 3757 461 3817 uinum
483 3757 681 3816 ministrantis
703 3759 746 3828 (v.
769 3753 840 3816 litia.
860 3752 901 3832 X,
914 3746 988 3828 4⁶24,
1011 3755 1044 3824 a)
1067 3750 1104 3811 ad
1127 3768 1181 3811 ur·

141 3873 257 3934 ceolum
281 3873 525 3935 ministratorium
546 3873 712 3934 traductum
728 3875 782 3933 est.
826 3870 904 3932 Usus
927 3876 991 3930 erat
1014 3868 1069 3930 lroc
1092 3886 1182 3930 voca·

143 3991 213 4052 huic
236 3990 429 4070 Zenophanes
451 3992 569 4070 quidam
592 4009 639 4069 ap.
662 3991 731 4051 Ath.
745 3990 785 4068 Χ,
808 3984 881 4066 424,
905 4007 931 4066 c,
957 3992 987 4048 et
1011 3987 1180 4065 Stephanus
