2902 4704
601 269 664 336 133

112 493 203 536 ansas
226 473 355 554 habent,
389 473 505 553 qualem
531 467 705 538 οὐατόεντα
727 476 847 560 σκύφον
869 484 1081 542 commemorat
1102 477 1151 540 Si·

112 593 248 654 monides
270 611 316 673 ap.
338 591 407 656 dih.
429 584 511 671 408,
534 607 568 669 e3
602 589 638 652 ci.
660 588 742 672 500,
764 611 800 673 a3
833 611 859 655 v.
881 593 970 656 Herc.
993 601 1023 656 et
1046 594 1148 676 Pomp.

113 711 150 791 V,
175 707 232 790 173
260 704 545 790 nugacitatis.
1038 721 1042 734 ·

198 829 325 908 Propter
345 829 452 890 horum
474 828 699 888 similitudinem
723 834 803 890 rocte
825 829 953 891 arbitror
964 829 1148 892 Gerhardum

109 947 242 1027 scyphos
269 947 434 1027 appellasse
467 964 572 1025 magua
601 947 649 1009 illa
678 947 784 1027 pocula
814 948 930 1010 duabus
957 949 1080 1012 auribus
1103 953 1148 1012 in·

110 1069 239 1146 structa,
273 1084 340 1145 quae
367 1068 396 1126 in
423 1065 640 1144 antiquissimis
668 1067 868 1126 monumentis
895 1071 955 1127 tam
978 1065 1150 1146 frequenter

110 1189 290 1258 occurrunt,
324 1189 358 1246 ut
380 1187 409 1245 in
432 1183 562 1262 zophoro
585 1183 687 1262 templi
714 1185 812 1264 Assii3
847 1185 876 1244 in
900 1186 978 1245 rasis
1001 1187 1079 1265 picta
1100 1205 1147 1266 up.

110 1302 204 1364 Gerh.
238 1302 354 1364 Auserl.
374 1303 502 1364 Vaseub.
530 1301 560 1384 1,
582 1298 641 1380 593
675 1301 800 1364 Cabinet
831 1302 986 1364 Pourtalds
1006 1297 1066 1385 34,
1088 1301 1148 1382 45;

111 1420 265 1499 Millin'gcn
294 1420 419 1500 Coghill.
451 1417 507 1502 17,
529 1417 589 1501 ⁶24,
610 1415 663 1483 43.
719 1421 812 1482 Recte
833 1422 961 1501 scyphos
983 1423 1148 1502 appellasse

109 1539 239 1618 videtur,
262 1558 337 1619 quos
354 1539 474 1600 exhibet
485 1540 515 1600 in
528 1539 602 1618 llap.
615 1558 664 1601 nu.
677 1531 820 1622 46-483
843 1539 902 1603 Uli.
915 1539 952 1602 ll.
965 1536 1018 1620 24,
1029 1537 1083 1621 25,
1095 1537 1146 1603 47.

111 1658 224 1720 Eodem
232 1659 350 1722 videtur
359 1660 510 1738 pertinere
521 1657 591 1720 Pau.
608 1653 986 1738 1v‚50pr0pterttitnng.
1001 1658 1094 1738 Cogh.
1107 1654 1148 1720 17

70 1861 77 1870 .
111 1772 206 1858 erat,
218 1795 397 1858 quamquam
409 1777 487 1838 iusto
500 1779 594 1838 maius
611 1781 730 1838 estus.
763 1773 924 1838 Panoilam
936 1781 1035 1838 autem
1050 1795 1147 1842 aveto

110 1896 250 1960 oberrare
272 1900 355 1974 puto,
379 1893 770 1978 quodpovntwvgtacicim
792 1889 845 1973 63,
856 1889 910 1956 64.
933 1927 974 1978 ·.·
995 1894 1146 1976 Scyphum

111 2015 176 2076 sine
197 2016 277 2076 ansis
300 2019 334 2076 ut
355 2015 583 2094 supravidimus
605 2018 788 2094 argenteum,
811 2014 853 2076 ita
874 2011 974 2078 ficlilia
996 2019 1149 2096 spectatur

111 2133 350 2214 elegantissimus
378 2152 425 2212 ap.
448 2131 595 2196 Staclelb.
624 2131 712 2194 drab.
740 2133 769 2194 d.
795 2131 872 2194 Heli.
900 2127 958 2214 333
992 2131 1028 2196 ci.
1056 2132 1145 2198 Gerir.

113 2251 169 2315 Uli.
193 2251 229 2315 li.
260 2270 287 2314 n.
308 2245 360 2314 22.
415 2250 556 2312 Eiusdem
585 2254 703 2330 generis
736 2255 806 2314 suut
833 2253 927 2312 vitrea
960 2252 1065 2333 pocula
1098 2269 1145 2334 ap.

112 2367 318 2436 dechenGali.
342 2369 399 2432 tab.
412 2365 443 2452 4,
467 2365 639 2448 nn.5et6‚
668 2365 704 2430 'et
725 2386 792 2448 quae
820 2370 898 2448 picta
921 2373 1094 2448 spectantur
1115 2373 1145 2432 in

111 2489 224 2566 pariete
246 2487 425 2567 Pompeiano
447 2486 536 2549 Herc.
559 2491 591 2547 et
616 2485 717 2568 Pomp.
738 2485 778 2568 ll,
802 2480 864 2546 106
885 2491 915 2548 et
934 2481 987 2548 83.
1033 2485 1146 2550 Similia

110 2605 233 2670 forsitan
255 2606 366 2668 luerint
386 2606 509 2668 modioli
531 2604 742 2668 Romanorum.

195 2723 339 2802 Volgares
351 2725 453 2806 scyphi
465 2724 540 2804 pede
551 2729 720 2786 caruerunt.
764 2722 917 2786 interdum
929 2728 1029 2786 autem
1041 2723 1146 2804 scyphi

111 2845 290 2906 conminus
316 2862 404 2926 quam
426 2843 577 2924 amphorae
604 2852 731 2905 ovorum
755 2844 884 2924 speciem
914 2843 1086 2916 aemulantes
1114 2845 1144 2904 iu

110 2965 230 3024 acutum
252 2962 436 3042 desinebant,
470 2965 502 3024 ut
535 2964 591 3022 nisi
615 2963 689 3042 pede
711 2963 811 3024 addito
833 2965 913 3024 stare
936 2979 992 3022 non
1016 2966 1147 3041 possent.
1199 2933 1206 2956 1

110 3078 192 3140 Talia
224 3074 421 3166 ὤασκύφνα
452 3085 522 3142 sunt
555 3080 720 3160 appellata,
753 3099 781 3142 v.
806 3079 915 3142 Athen.
938 3077 999 3159 xi,
1021 3073 1095 3158 488,
1118 3078 1146 3158 1;

110 3193 194 3272 503,
216 3217 243 3259 e.
286 3197 367 3260 ldem
389 3199 564 3260 vocabulum
587 3198 805 3260 restituendum
828 3215 894 3257 esse
916 3197 1003 3256 credo
1026 3197 1056 3255 in
1080 3214 1147 3256 cor-

111 3322 200 3396 rupto
222 3317 287 3379 loco
308 3312 382 3396 477,
406 3335 439 3391 e,
462 3315 512 3378 ubi
535 3317 696 3378 Athenaeus
719 3316 755 3376 de
777 3314 898 3376 ciboriis
921 3311 1002 3395 τάχα
1025 3313 1067 3379 ἄν
1088 3315 1145 3397 εἴη,

111 3437 219 3516 inquit,
250 3431 289 3500 cci
311 3435 474 3518 λεγόμὲνα
496 3433 623 3519 rudpret,
657 3430 773 3500 διὰτὸ
794 3432 946 3498 κάτωθεν
967 3431 1012 3510 εἰς
1034 3429 1146 3499 στενὸν

109 3555 285 3638 συνῆχθαι,
318 3549 360 3630 ὥς
392 3549 432 3618 τὰ
459 3553 625 3635 Αἰγύπτια
652 3551 794 3636 κιβώρια.
838 3551 964 3613 Videtur
989 3550 1146 3628 legendum

111 3668 149 3736 τὰ
162 3674 322 3758 λεγόμενα
333 3667 509 3757 dcccdccc·
532 3673 681 3754 quomodo
699 3673 778 3732 euim
796 3671 868 3732 illud
891 3669 965 3750 “qui
989 3669 1146 3730 dicuutur”

110 3790 231 3870 scyphis
253 3791 322 3854 addi
344 3793 458 3870 potuit,
491 3792 599 3870 quibus
621 3790 694 3852 nihil
719 3791 823 3852 notius.
840 3787 929 3850 erat?
973 3787 1065 3850 Recte
1087 3787 1146 3850 Pa-

111 3907 199 3970 noilra
223 3907 258 3982 V,
283 3905 345 3970 103
365 3909 490 3972 formam
512 3907 666 3990 ocscyphii
688 3909 833 3988 ostendit,
867 3925 1047 3987 quamquam
1067 3909 1146 3968 male
1214 3925 1216 3930 ’

111 4027 146 4087 ad
169 4045 225 4088 ors
247 4028 417 4108 recipienda
441 4045 475 4090 ea
498 4027 573 4092 iacta
600 4045 667 4090 esse
690 4031 790 4106 putat3
826 4044 894 4088 vera
916 4025 1021 4106 pocula
1044 4025 1145 4104 luisse,

110 4145 293 4208 demonstrat
315 4146 413 4208 tabula
439 4149 467 4205 in
491 4146 578 4209 liorc.
602 4152 631 4207 et
656 4146 756 4225 Pomp.
780 4145 817 4223 ΙΙ,
828 4138 881 4209 83.
925 4145 991 4206 Alia
1013 4145 1146 4222 exempla
