2906 4716
584 573 718 644 Divisio.

212 721 320 784 Habet
343 725 440 786 omnis
468 723 573 784 divisio
603 741 661 784 non
691 725 863 806 notionum,
899 726 952 788 sed
980 743 1079 786 rerum
1108 745 1176 805 por·

122 859 256 920 magnas
293 841 494 904 difficultates.
559 841 635 904 Nam
668 843 785 904 videtur
818 861 919 904 rerum
953 849 1057 905 natura
1091 845 1176 923 quasi

124 979 224 1022 unum
248 965 283 1022 et
305 961 490 1022 individuum
512 977 630 1041 corpus,
665 961 746 1040 quod
769 962 798 1022 ln
822 967 922 1040 partes
945 963 1039 1024 secari
1062 981 1094 1024 se
1117 981 1176 1024 non

122 1082 286 1160 patiatur3
309 1082 350 1141 ita
374 1081 518 1158 permixta
540 1083 610 1140 sunt
631 1097 732 1141 rerum
754 1099 871 1158 genera,
895 1081 936 1142 ila
958 1079 1074 1141 confusi
1096 1083 1177 1142 ordi·

126 1217 199 1278 nes,
235 1203 275 1260 ut
298 1215 478 1278 quocunque
500 1199 587 1260 modo
611 1200 785 1262 duxerimus
807 1201 892 1277 quasi
916 1200 1051 1262 cardines
1074 1203 1105 1260 et
1126 1199 1179 1260 de·

127 1335 281 1380 cumanos
315 1323 449 1394 nostros,
490 1335 547 1378 non
581 1319 730 1396 possimus
764 1335 820 1378 non
854 1318 962 1378 similia
996 1319 1177 1397 disiungere,

127 1442 263 1516 cognata
288 1454 438 1514 separare,
461 1440 495 1498 ut
516 1454 593 1515 sscpe
616 1455 674 1497 non
697 1437 840 1516 dividere,
862 1437 914 1498 sed
938 1435 1074 1515 lrangere
1096 1437 1178 1498 vide·

129 1574 228 1619 amur.
278 1555 334 1617 Est
356 1559 453 1616 tamen
476 1555 684 1636 dividendum,
707 1573 745 1615 ne
767 1559 878 1616 temore
900 1560 932 1616 ct
953 1557 1018 1616 sine
1041 1555 1106 1632 lege
1127 1573 1179 1616 va-

130 1693 258 1752 gemur,
298 1674 351 1734 sed
379 1677 460 1734 ceria
490 1674 617 1753 quadam
637 1673 684 1734 via
706 1673 941 1752 progrediamur.
986 1673 1086 1752 Quem
1108 1691 1179 1734 vero

131 1797 294 1854 auctorem
323 1809 485 1870 sequamur
512 1793 628 1870 potius,
662 1808 751 1870 quam
780 1791 876 1850 Deum
904 1792 1001 1868 ipsum
1032 1791 1179 1852 Bacchum

133 1911 179 1972 vel
201 1911 408 1974 Athenienses
437 1910 532 1970 Derim
560 1903 766 1971 celebrantes?
810 1907 947 1986 rigebant
975 1909 1055 1969 enim
1084 1907 1180 1973 Athe-

134 2031 260 2092 nienses
284 2030 443 2110 quotannis
468 2027 657 2116 Anthesteria
685 2045 738 2107 per
767 2032 828 2088 tres
855 2028 937 2104 dies,
970 2045 1096 2107 quorum
1118 2029 1180 2106 pri·

135 2166 203 2209 mus
226 2153 296 2210 erat
316 2150 495 2228 Hcdocyla,
517 2148 594 2208 alter
614 2145 715 2222 Χόες,
738 2147 845 2208 tertius
867 2144 996 2229 Xc'cpoc.
1040 2145 1103 2206 Nec
1125 2163 1179 2206 nos

136 2265 299 2346 hahemus,
322 2285 380 2345 qua
402 2267 502 2346 potius
524 2267 641 2328 ratione
662 2270 799 2344 utamur,
822 2284 912 2345 quam
934 2269 968 2326 ut
990 2281 1181 2325 secernamus
1256 2282 1260 2300 ¹

137 2403 206 2446 vasa
229 2403 302 2464 quae
323 2384 451 2463 habent,
485 2402 552 2463 quac
574 2385 659 2463 dant,
693 2403 760 2463 quac
789 2385 955 2462 accipiunt,
990 2385 1053 2443 sive
1082 2400 1116 2442 ea
1145 2400 1182 2442 ex

138 2503 264 2584 quihus,
287 2522 321 2566 ea
343 2503 462 2583 quibus,
486 2521 520 2563 ea
543 2505 573 2563 io
596 2521 662 2582 quae
683 2503 831 2562 hauritur.
864 2500 949 2560 Licet
971 2504 1069 2561 tamen
1091 2501 1182 2560 etiam

138 2627 284 2699 quartum
311 2637 405 2701 genus
432 2619 529 2682 lacere
557 2623 636 2682 inter
663 2621 793 2700 primum
813 2623 844 2680 et
865 2621 988 2680 tertium
1009 2619 1095 2698 qnasi
1116 2637 1182 2680 me-

140 2740 234 2818 dium,
260 2757 365 2802 eorum
379 2757 528 2819 vasorum,
552 2742 581 2800 in
605 2740 712 2820 quibus
735 2735 938 2817 temperantur
961 2743 992 2798 et
1013 2741 1183 2817 coquuntur

141 2857 293 2939 liquores3
316 2859 364 2920 cui
381 2877 457 2920 novo
480 2861 582 2937 generi
604 2877 622 2921 a
644 2855 877 2920 Bacchanalibus
899 2856 1070 2920 deficientes
1092 2855 1182 2916 etiam

141 2976 215 3039 ollas
238 2977 462 3058 adscripsimus.
916 2961 923 2976 '

431 3112 499 3178 sint
521 3113 612 3192 igitur
634 3112 697 3172 heac
719 3113 880 3189 generasti)

584 3275 691 3384 Capul
715 3277 749 3358 l.

354 3436 435 3506 Vusn
456 3437 490 3504 in
512 3436 625 3526 quidus
646 3448 812 3503 servantur
833 3432 980 3523 liquores.

229 3583 294 3662 §L
315 3583 442 3664 Maiora,
463 3581 571 3662 quibus
593 3583 725 3662 liquores
746 3585 799 3644 aut
820 3579 876 3644 sub
898 3583 977 3640 torre
999 3577 1077 3638 etin
1100 3575 1182 3638 cellis

169 3852 197 3917 *)
215 3853 338 3904 Versatur
354 3853 408 3904 hac
425 3851 562 3915 dlspntatto
580 3851 707 3913 precipue
721 3848 748 3898 in
760 3848 828 3899 vasis
840 3848 993 3898 clbariorum
1007 3847 1183 3912 otpotlonum.

216 3937 297 3998 nque
315 3942 399 3988 tamon
419 3942 444 3987 ct
462 3937 512 3986 olel
529 3948 599 3996 vasa,
617 3934 676 3996 qula
695 3945 763 3995 sapo
781 3933 873 3983 iisdem
892 3931 1039 3982 nominihus
1052 3929 1185 3992 appellan-

216 4027 269 4086 tur,
297 4023 443 4072 necessario
461 4021 618 4071 assumenda
639 4023 716 4068 crant.
762 4017 826 4079 Qua
844 4029 902 4068 vcro
920 4029 934 4066 o
952 4015 1037 4066 culina
1055 4001 1185 4074 rruquuanr

218 4106 342 4172 exierunt,
362 4111 449 4169 utpote
468 4103 546 4155 nimis
567 4104 682 4164 obscura,
699 4102 785 4153 omisi.
1063 4097 1064 4104 ’
