2906 4716
740 187 783 252 26
903 235 906 242 .

676 276 874 286 —--..-—--——

245 397 296 459 aiii
318 397 383 457 eius
412 395 486 478 ioci,
522 399 586 456 tum
608 392 735 454 maxime
759 392 892 456 decimus
922 394 1012 472 iiber,
1047 397 1097 473 qni
1128 399 1209 456 totus
1238 401 1288 456 est

245 514 466 598 wapincensis.
521 511 624 590 Quum
651 513 730 572 enim
760 513 788 571 in
810 513 1019 574 Eratosthenis
1042 516 1288 601 nasonypoerpmpi

247 651 305 694 non
328 634 491 694 invenisset
513 648 579 710 qnae
599 617 770 708 sperasset,
804 649 837 690 se
860 631 958 709 ipsum
980 631 1039 692 iaie
1060 645 1136 710 opus
1158 650 1288 710 compo-

245 753 343 812 suisse
364 753 407 812 ait
429 752 458 810 in
481 748 562 828 praei.
585 747 703 810 libaid.
747 747 835 808 iiunc
857 749 1005 827 praecipue
1027 749 1133 815 ducem
1155 768 1288 828 sequen-

246 871 317 930 dum
339 887 417 949 esse,
440 871 500 930 iam
520 867 678 928 Avellinns
699 867 829 945 viderat,
857 855 942 928 cniu‘s
963 867 1052 928 verba
1074 866 1205 930 Parosta
1227 887 1287 930 suo
1411 861 1417 868 ’

245 987 321 1048 libro
343 988 542 1069 praescripsit,
566 1003 692 1066 quorum
720 987 833 1046 utinam
854 1001 968 1049 memor
990 985 1104 1064 iuissct,
1128 1004 1183 1048 nac
1204 1004 1287 1048 sem·

244 1124 299 1184 per
331 1103 481 1184 Hesychio
510 1108 541 1164 et
571 1103 715 1164 Athenaeo
741 1073 815 1182 ¹pius
849 1103 1012 1166 tribuisset.
1065 1103 1171 1164 Potina
1202 1106 1287 1165 enim

246 1225 381 1302 quamvis
404 1241 462 1281 non
485 1223 584 1282 omnia
606 1222 794 1300 suppeditet,
817 1239 883 1300 quaa
904 1192 1124 1302 desideramus,
1147 1223 1288 1301 quamvis

246 1359 304 1402 non
318 1340 437 1420 formas,
461 1338 513 1400 sed
531 1357 640 1418 genera
663 1341 944 1422 vasorumindioet„
968 1359 1003 1402 ea
1027 1343 1123 1401 tarnetr
1145 1345 1191 1403 est
1212 1339 1285 1418 tide,

245 1464 279 1520 nt
301 1461 366 1526 sine
388 1475 494 1537 magna
517 1477 607 1520 causa
629 1459 666 1520 ab
688 1477 725 1534 eo
747 1459 861 1536 digredi
885 1477 943 1520 non
966 1433 1065 1520 liceat

329 1575 474 1656 Sequitur
494 1576 647 1638 Athenaeus
669 1577 862 1658 Naucratita,
897 1577 948 1655 qui
970 1577 1092 1638 ineunte
1115 1578 1203 1638 tertio
1224 1594 1286 1637 saa·
1327 1649 1331 1656 ι

244 1695 311 1756 coto
332 1697 614 1780 Asrnvonoprnnin
635 1695 725 1757 libros
744 1695 931 1774 conscripsit,
954 1713 1029 1775 opus
1052 1701 1173 1776 propter
1195 1698 1284 1756 innu-

244 1815 398 1876 merabilia
431 1813 493 1874 iere
527 1813 692 1894 fragmenta
720 1817 911 1893 antiquorum
932 1815 1122 1895 scriptorum,
1156 1815 1285 1876 maxime

245 1935 428 1994 comicorum
450 1937 616 2014 poetarum,
653 1934 919 2012 pretiosissimum3
963 1951 1143 2012 quamquam
1178 1936 1284 1993 auctor

243 2053 344 2130 operis
373 2051 507 2110 doctrina
535 2053 630 2128 magis
653 2055 741 2130 qu'anr
764 2051 874 2112 indicio
892 2051 998 2112 ‘valuit
1041 2052 1133 2112 Libro
1155 2049 1198 2112 xi
1220 2051 1283 2128 agit

244 2171 319 2250 περὶ
345 2166 556 2250 ἐκπωμάτων,
593 2169 646 2228 sed
678 2171 723 2248 ita,
746 2170 874 2247 angendi
903 2172 1017 2232 numeri
1046 2170 1213 2250 studiosus,
1247 2173 1282 2231 ut

243 2287 337 2348 muita
366 2285 525 2366 congerat,
558 2305 626 2365 quae
654 2288 776 2348 minime
803 2288 910 2366 pocula
931 2293 1010 2349 sunt.
1065 2287 1167 2366 Quare
1195 2291 1282 2348 cante

143 2451 145 2454 -
244 2406 402 2466 admodum
421 2407 451 2466 in
463 2405 607 2466 Athenaeo
629 2406 776 2484 agendum
798 2410 854 2484 est,
878 2425 933 2468 nec
956 2407 1280 2486 quidquamcootinuo

243 2541 297 2602 pro
318 2542 391 2585 vero
412 2524 592 2604 habendum,
616 2527 686 2602 quia
706 2525 870 2586 Athenaeus
892 2525 1009 2586 dixerit.

327 2641 469 2718 Magnum
490 2642 621 2705 fructum
642 2643 775 2726 prebent
797 2644 1001 2704 commentarii
1027 2643 1153 2724 antiqui,
1176 2643 1281 2720 impri-

242 2759 300 2820 mis
323 2755 442 2819 Scantia
463 2761 495 2818 in
515 2761 746 2840 Aristophanem.
798 2759 893 2822 Multo
916 2761 1072 2822 interiores
1094 2765 1166 2822 sunt
1187 2762 1280 2822 ceteri

243 2878 438 2954 grammatici,
471 2877 657 2958 Hesychius,
691 2877 834 2958 Photius,
866 2879 1106 2958 Etpnrologicum
1125 2877 1279 2957 Magnum,

239 2993 367 3084 suidas,
390 2995 456 3075 aiii,
490 2998 541 3074 qui
564 3015 656 3075 quum
678 2999 870 3076 antiquorum
891 2999 1071 3076 scriptorum
1093 2997 1160 3058 libri
1183 2997 1279 3058 indies

242 3103 370 3176 rariores
391 3113 514 3190 fierent,
548 3116 623 3176 nihil
646 3115 708 3176 iere
730 3115 813 3177 atiud
835 3114 987 3192 iecerunt,
1021 3117 1079 3176 uisi
1101 3120 1135 3179 ut
1164 3119 1279 3195 priores

241 3234 448 3310 grammaticos
470 3234 681 3296 exscriberent.
731 3233 837 3313 itaque
859 3234 1022 3296 cavendum
1042 3239 1106 3315 est,
1140 3253 1194 3314 ue,
1227 3234 1278 3296 nbi

242 3351 330 3411 unius
352 3351 441 3456 verpa
463 3370 516 3430 per
537 3369 640 3412 omnes
662 3357 825 3432 propagata
847 3354 1057 3429 inveniuntur,
1092 3372 1146 3431 pro
1175 3353 1278 3416 multis

206 3463 211 3471 '
242 3471 424 3531 testimoniis
446 3469 607 3547 habeatur,
638 3471 720 3546 qnod
747 3489 840 3532 unum
868 3474 924 3532 est.
969 3471 1048 3534 Raro
1076 3472 1143 3534 novi
1166 3471 1278 3550 aliquid

241 3586 379 3670 atterunt,
402 3589 508 3651 Suidas
531 3589 639 3668 saepius
662 3606 751 3666 quam
772 3590 873 3650 ceteri.

326 3704 371 3766 Ne
382 3706 481 3768 Latini
504 3707 626 3785 quidem
646 3707 829 3784 grammatici
853 3707 967 3770 nulium
988 3708 1115 3770 atterunt
1136 3707 1278 3789 tractum,

239 3824 367 3884 maxime
389 3824 484 3885 Varro
506 3825 581 3886 libro
603 3825 641 3906 V,
664 3828 687 3902 §
710 3819 894 3906 118-1273
928 3829 991 3888 tum
1012 3826 1138 3907 Festus,
1162 3825 1278 3890 Nonius

238 3959 268 4019 p.
279 3934 438 4019 543-48,
461 3941 642 4020 Macrobius,
665 3943 717 4021 qui
733 3942 910 4006 Athenaeum
928 3947 1085 4024 exscripsit
1101 3945 1151 4008 iib.
1164 3945 1201 4023 V,
1222 3939 1276 4020 21,

238 4057 371 4123 isidorus
393 4060 483 4120 etiam
506 4061 534 4119 in
558 4058 716 4137 Originum
739 4061 813 4123 libro
839 4062 908 4126 ΧΧ,
