2906 4716
566 1155 724 1332 ,Gannt
754 1216 926 1333 prinum.

412 1403 468 1474 Dc
490 1405 582 1474 ousia
604 1405 726 1502 quibus
747 1415 930 1475 aeruunlur
951 1403 1108 1500 liquores.

729 1584 805 1665 al·

336 1738 370 1802 Si
398 1741 576 1821 quaerimus,
610 1741 720 1820 quibus
752 1743 832 1802 nasis
864 1733 966 1802 vinum
998 1744 1149 1800 servatum
1180 1737 1283 1818 tuerit,

237 1860 401 1920 audiamus
430 1860 559 1936 primurn
588 1859 741 1920 Pollucem
770 1861 799 1918 in
827 1860 894 1921 libr.
922 1859 979 1937 Vl,
1014 1836 1063 1918 14.
1100 1855 1174 1920 Ἵνα
1201 1854 1238 1919 δὲ
1265 1852 1284 1920 ὃ

246 1977 346 2050 οἶνος·
396 1975 548 2054 κάμινος,
587 1979 716 2060 ποτίνη,
755 1973 871 2052 α’σκός,
913 1973 1048 2060 κρατήρ,
1084 1973 1284 2057 προχοίδιον,

246 2091 360 2168 κάδος,
383 2091 545 2168 καδίσκος,
567 2091 719 2175 κρωσσός,
742 2098 846 2176 βίκος,
868 2093 1018 2176 κράδισος
1040 2093 1095 2168 (i),
1117 2088 1159 2169 ὦς
1179 2093 1284 2162 Ξενο-

247 2211 327 2295 φῶν,
349 2211 513 2294 κεράμιον,
536 2207 707 2295 ᾰμφορεύς,
730 2209 942 2300 α’μφορίσκος,
965 2215 1127 2295 σταμνίον,
1150 2207 1283 2292 οἷγγείον

202 2328 207 2340 ’
245 2329 434 2412 οἰνοφόρον,
466 2324 599 2410 ὑελοῦν,
633 2331 773 2414 κεράμου
801 2333 1033 2414 πεποιημένον,
1064 2333 1167 2405 πίθος
1187 2331 1208 2415 ἢ
1227 2350 1285 2392 πι-

246 2448 366 2530 θάκνη.
418 2449 510 2510 Addit
532 2454 621 2510 otiam
643 2447 751 2533 ὕρχας.
794 2449 860 2510 Lib.
883 2450 932 2526 Χ,
964 2445 1008 2508 60
1036 2467 1102 2527 sqq.
1127 2448 1188 2512 iere
1210 2448 1284 2507 nihil

219 2575 221 2580 ’
246 2567 314 2626 novi
337 2567 516 2644 suppeditat.
561 2567 630 2628 Vini
653 2586 722 2627 vasa
745 2572 915 2646 enumerat,
947 2568 1031 2658 sed„
1052 2571 1085 2626 ut
1108 2568 1136 2626 in
1159 2565 1285 2643 singulis

246 2685 430 2762 videbimus,
459 2685 563 2744 eadem
586 2687 675 2745 etiam
698 2685 772 2745 alios
793 2685 924 2762 liquores
946 2684 1147 2746 continebant.

663 2881 691 2948 l.
734 2888 871 2960 Πίθος

246 3036 311 3095 sive
332 3034 439 3094 dolium
461 3053 553 3113 quum
575 3037 648 3096 alias
671 3054 719 3097 res
741 3037 912 3097 continebat
933 3041 983 3109 (ut
1004 3039 1107 3112 πίθος
1131 3034 1231 3100 σύκων
1254 3037 1283 3095 in
1314 3077 1319 3082 -

204 3175 216 3188 ·
247 3151 411 3230 fragmento
433 3153 532 3214 Babrii
555 3156 633 3233 apud
664 3155 805 3235 Suidam,
840 3155 1033 3215 frumentaria
1059 3160 1090 3215 et
1118 3155 1285 3215 amurcaria

248 3271 327 3331 dolia
351 3271 491 3332 Varronis
514 3275 544 3331 et
561 3241 699 3352 Catonis,
722 3279 752 3333 ct
774 3273 895 3332 Homeri
918 3273 977 3332 duo
1000 3273 1077 3332 dolia
1100 3273 1284 3332 diversorum

248 3389 393 3450 donorum
408 3391 437 3450 in
455 3389 644 3469 comannis,
667 3411 694 3452 v.
712 3391 745 3450 ll.
769 3413 803 3464 o,
824 3385 915 3472 527),
939 3395 1002 3450 turn
1024 3393 1151 3450 maxime
1174 3391 1285 3451 ninum.

247 3505 323 3566 Nam
345 3525 518 3586 expressum
541 3509 683 3568 torculari
702 3483 827 3595 ’(ληνῴ)
858 3509 959 3568 vinum
989 3509 1018 3568 in
1041 3507 1120 3568 dolia
1142 3505 1286 3567 [andeba-

247 3629 306 3699 tur‚
329 3643 396 3702 quae
418 3627 483 3704 pice
505 3625 596 3687 oblita
620 3628 893 3708 (πεπιττωμένα),
916 3627 1056 3704 imposito
1078 3623 1220 3703 operculo
1243 3629 1285 3694 (V-

122 3737 125 3746 '
246 3739 320 3803 Poll.
342 3740 384 3820 X,
408 3735 487 3821 1883
521 3745 650 3808 κιθῶνα
672 3745 743 3804 dicit
764 3743 932 3821 Hesychius
954 3743 1009 3803 sub
1031 3742 1210 3818 booron),
1233 3744 1285 3800 aut

246 3859 276 3918 in
300 3861 378 3920 terra
401 3859 636 3943 deponebantur,
659 3867 711 3923 aut
733 3862 762 3921 in
785 3861 859 3922 cella
882 3863 994 3922 vinaria
1021 3859 1189 3936 (πιθῶνο),
1213 3857 1286 3917 sub-

246 3979 339 4040 strata
373 3993 481 4055 arena,
527 3983 558 4038 et
590 3980 685 4040 iuncis
716 3984 855 4056 terraque
883 3979 1011 4056 aggestis
1047 3981 1092 4050 (v.
1122 3975 1285 4052 Geoponic.

248 4093 297 4175 n,
319 4089 351 4173 a,
373 4089 421 4167 4).

908 4155 914 4186 l

272 4463 292 4510 ,Ι
