2902 4704
644 260 705 324 139

562 357 788 382 “-·“-·-ι-

240 467 312 528 tino
334 471 415 527 recte
437 469 559 528 secutus
581 471 628 526 ost
649 465 794 528 Mhtterus
817 467 846 526 iu
869 465 1015 530 Archeot.
1037 461 1145 542 3299,
1165 485 1193 532 a.

155 602 336 664 quamquam
359 584 518 646 cantharus
539 584 644 644 eodem
661 584 798 644 retulisse
814 583 941 646 ridetur.
985 582 1121 658 Quorum
1132 584 1194 644 dis·

155 706 268 766 crimen
291 705 393 764 nescio
414 720 451 762 au
474 703 515 764 ita
537 701 736 764 definiendum
757 704 815 781 sit,
849 706 883 764 ut
911 702 1062 764 carchesia
1091 709 1218 782 proce-⁰

156 825 236 884 riora
257 825 288 882 et
309 821 490 896 augustiora,
513 821 670 882 cantharus
681 820 840 898 ampliores
851 824 882 880 et
900 822 1081 898 patentiores
1103 819 1194 882 inisse

156 945 306 1020 putemus.
351 938 427 1011 Ouae
449 937 683 1016 igitananoiha
707 933 846 1011 (thot)
868 943 900 998 et
921 937 1093 1000 Gerhardus
1115 938 1191 1012 (Uli.
1266 1017 1273 1036 ἱ

156 1053 263 1131 ΜΟ)
285 1056 437 1118 carchesia
459 1057 657 1136 appellarunt,
682 1055 817 1118 canthari
833 1056 986 1135 videntum
1008 1058 1108 1136 potius
1128 1075 1195 1118 car-

156 1177 259 1237 ohesia
280 1179 360 1252 suot,
383 1193 451 1252 quas
472 1193 561 1254 supra
585 1176 777 1236 iudicavimus
800 1179 845 1252 (p.
869 1169 964 1254 136),
995 1175 1103 1255 quibus
1124 1175 1191 1238 adri.

156 1293 246 1374 Zoeg.
258 1294 366 1354 Bassia.
379 1287 423 1352 77
433 1297 464 1354 et
474 1285 526 1370 78,
551 1292 706 1372 Mittingen
728 1292 886 1358 Peintures
898 1296 926 1358 d.
942 1294 1035 1358 Vasea
1050 1289 1103 1370 24,
1125 1293 1192 1356 otia.

578 1492 609 1560 6.
652 1495 770 1577 Κύλιξ

154 1669 172 1712 a
195 1649 323 1712 rotunda
343 1648 437 1710 torma
461 1665 567 1710 nomen
590 1649 670 1729 tulit,
691 1654 832 1729 recteque
853 1650 1015 1712 Athenaeus
1032 1643 1193 1734 statim:

157 1768 277 1844 Ταῦτα,
301 1769 407 1847 iuquit,
431 1765 495 1830 aioni
512 1765 654 1850 κεράμεα
670 1766 807 1852 ποτήρια
828 1771 883 1832 καί
903 1769 1031 1849 λέγεται
1054 1765 1121 1834 α’πδ
1141 1769 1196 1834 rori

154 1887 328 1952 κυλίεσθαι
345 1885 507 1974 τῷτρόχῳ.
551 1884 655 1946 Pollux
677 1886 851 1963 poculorum
874 1889 993 1948 nomina
1015 1904 1193 1948 enumerans

154 2003 227 2084 (Vi,
249 2001 322 2082 95),
356 2001 413 2088 τὴν
433 2004 548 2070 κύλικα
569 2005 665 2082 primo
686 2004 752 2066 iooo
775 2007 869 2086 ponit,
892 2009 955 2066 tum
977 2006 1193 2068 deminutivum

155 2122 312 2207 κυλίσκην·
334 2123 403 2184 aiibi
420 2122 579 2187 enituntur
594 2115 704 2195 (98)et
725 2123 865 2190 κυλίκιον
887 2123 1006 2202 iegitur.
1040 2123 1195 2208 Κυλίχνχν

155 2242 272 2303 dixerut
293 2241 410 2302 Atoaeus
431 2261 478 2320 ap.
502 2241 573 2302 hth.
595 2234 669 2316 481,
690 2257 727 2322 a3
759 2240 923 2322 κυλιχνίδα
945 2242 1074 2304 Achaeus
1095 2242 1194 2304 Eretr.

153 2353 230 2440 480,
242 2359 261 2424 i.
291 2360 362 2422 Hoeo
374 2361 539 2422 tameodno
551 2358 727 2438 pierumque
739 2377 796 2420 non
810 2359 916 2438 pocula
928 2361 1094 2442 erant,sed‚
1106 2379 1192 2439 oper·

157 2479 227 2541 onio
249 2483 283 2539 ut
302 2449 410 2568 opinor
432 2481 589 2551 instructa,
616 2483 669 2538 aut
684 2472 840 2560 δψοφδρα
855 2472 980 2558 υἷχγιτα,
1003 2483 1037 2540 ut
1058 2497 1105 2557 ap.
1119 2478 1192 2542 Poti.

156 2598 201 2674 X,
221 2593 282 2677 88,
310 2599 361 2676 qui
384 2600 457 2658 citat
477 2595 686 2675 Aristophanis
708 2597 813 2658 verba:
847 2592 882 2662 ’τὸ
903 2592 937 2662 δ’
957 2595 1047 2672 ἔτνος
1068 2594 1105 2660 δν
1126 2605 1195 2671 ταῖς

157 2715 319 2798 κυλίχναις
340 2718 422 2782 nonni
442 2709 569 2796 θερμὰν
595 2717 650 2778 καὶ
677 2717 759 2779 τουτὶ
779 2714 967 2799 παφλᾶζυν,
995 2719 1048 2776 aut
1070 2715 1194 2794 pyxides

158 2841 244 2898 eraut
265 2855 282 2897 a
304 2835 428 2896 medicis
444 2838 614 2913 usurpatae,
637 2833 783 2896 uitiatam
795 2835 842 2896 lex
854 2835 1010 2914 Hippone:
1030 2832 1195 2915 κυλιχνίδα

157 2950 295 3038 σμικρὰν
315 2952 428 3020 κύλικα
450 2955 505 3016 καλ
525 2933 667 3037 ἰατρικὴν
688 2953 868 3037 πιθάκνην·
907 2953 983 3015 ΡοΙΙ.
1006 2951 1057 3032 vt,
1078 2945 1139 3018 98:
1175 2946 1195 3035 ἦ

156 3071 293 3154 κυλιχνλς
315 3074 376 3147 (sio
398 3076 479 3134 recte
501 3071 736 3149 iungermannns
757 3090 810 3150 pro
832 3070 991 3153 κύλιχνος)
1013 3075 1103 3149 πυξίς
1119 3068 1194 3134 ἔστι·

155 3191 228 3253 Ath.
249 3185 324 3268 48⁰,
345 3204 380 3253 n:
410 3184 584 3272 Ἀθηναῖοι
611 3187 648 3252 δὲ
674 3191 729 3252 καὶ
753 3186 810 3274 niv
830 3185 973 3274 ἰατρικὴν
993 3187 1112 3267 πυξίδα
1133 3211 1193 3253 κα-

156 3310 246 3375 λοῦσι
267 3307 412 3374 κυλικίδα
434 3313 485 3379 (au
507 3305 723 3389 κυλιχνίδαί),
756 3302 812 3372 διδ
839 3303 874 3372 νδ
903 3309 947 3396 τῷ
974 3306 1075 3392 τόρνῳ
1101 3329 1193 3372 areau-

156 3427 284 3493 λίσθαι.
335 3427 399 3490 Ηου
421 3445 512 3490 seusu
534 3427 644 3504 tegitur
666 3426 743 3505 apud
766 3425 918 3505 Aristoph.
941 3427 997 3505 Eq.
1019 3421 1099 3488 906:
1132 3422 1194 3504 ἐγώ

157 3545 196 3610 δὲ
217 3545 376 3628 κυλίχνιόν
396 3549 504 3627 χέσαι
526 3547 580 3609 καλ
601 3542 776 3628 φάρμακον
797 3542 921 3628 δίδωμι.
964 3545 1062 3606 Huius
1073 3545 1192 3624 pyxidis

154 3664 280 3726 sormam
304 3670 469 3726 monstrare
491 3665 588 3725 conati
601 3663 731 3724 Paootha
754 3663 806 3738 (R.
819 3659 940 3742 iV‚69)
970 3668 1002 3724 et
1022 3663 1193 3726 tierhardus

155 3783 250 3862 (Rap.
275 3779 374 3864 nol)
393 3785 457 3844 iure
470 3801 527 3843 non
541 3780 749 3843 satisfecerunt
759 3781 925 3842 Latrounio
944 3777 1076 3862 (unua,
1098 3781 1193 3860 πολ),

157 3919 225 3962 nam
247 3921 264 3962 a
286 3903 387 3964 catinis
410 3901 502 3962 torma
524 3917 648 3980 prorsus
669 3899 816 3962 abierunt.

243 4017 339 4098 Κύλιξ
365 4019 443 4099 apud
466 4017 629 4080 Homerum
658 4022 689 4079 et
711 4017 874 4080 Hesiodum
904 4037 961 4080 uon
984 4019 1107 4102 tegitur3
1140 4021 1191 4080 sed

155 4138 234 4216 apud
251 4139 451 4200 Athenienses
469 4155 593 4216 prorsus
607 4135 727 4214 vulgare
751 4137 887 4215 poculum
910 4141 967 4215 est,
989 4155 1048 4216 quo
1071 4140 1100 4198 in
1122 4154 1193 4198 con-
