2906 4716
763 241 806 306 74

602 559 724 682 caput
753 562 973 660 secundum.

272 751 326 822 De
344 753 436 823 οοοίε
457 755 498 852 iu
512 751 633 851 quibam
651 761 885 849 temperuntur
896 763 1132 852 eteaquuutur
1144 753 1307 854 liquores.

741 985 829 1064 el·

438 1127 489 1196 De
511 1125 588 1196 vasis
609 1124 640 1195 iu
663 1124 776 1220 quibus
798 1133 992 1220 temperatur
1012 1126 1126 1196 viuum

668 1321 696 1385 1.
739 1325 905 1409 Κρατήρ.

354 1475 465 1537 Notum
487 1481 551 1551 est,
584 1478 723 1555 antiquos
745 1476 864 1538 Grecos
886 1483 917 1538 et
939 1477 1089 1538 Romanos
1116 1479 1218 1540 viuum
1242 1481 1307 1558 ple·

270 1613 395 1674 rumque
418 1613 475 1653 uon
499 1613 613 1655 merum
637 1594 758 1672 bibisse,
780 1596 832 1656 sed
855 1614 931 1674 aqua
952 1601 1156 1674 temperatum.
1199 1601 1306 1683 Ζωρο.

268 1723 378 1780 ποτεϊν
399 1725 429 1774 et
451 1709 683 1796 ἀκρατοποτεῖν
704 1714 852 1774 Thracum
874 1718 905 1773 et
927 1714 1118 1794 Scytharum,
1142 1733 1199 1774 uon
1223 1715 1306 1776 Grae·

269 1850 371 1894 corum
394 1851 459 1892 mes
480 1837 546 1893 erat
568 1838 611 1906 (v.
623 1832 766 1893 Heredet.
781 1831 830 1910 VI,
848 1827 907 1912 813
930 1833 1002 1895 Plat.
1017 1832 1090 1914 Leg.
1114 1832 1137 1912 l,
1159 1829 1233 1912 637,
1253 1834 1305 1906 E).

268 1953 327 2012 dut
355 1951 480 2028 siugulis
509 1952 639 2012 convivis
667 1953 824 2030 temperari
851 1951 955 2030 pocula
978 1952 1129 2027 videmus,
1161 1953 1246 2014 utin
1270 1951 1305 2012 ir.

268 2069 463 2147 Xenophanis
484 2087 530 2147 ap.
553 2068 623 2130 Atb.
646 2068 703 2142 xi,
725 2063 804 2152 78²2
822 2085 854 2131 a:

355 2183 438 2252 obde
458 2191 514 2253 κὲν
535 2184 571 2253 ἐν
591 2186 692 2252 κύλικι
712 2189 873 2271 πρότερον
894 2187 1040 2276 κεροέοαέ
1059 2210 1105 2264 τις
1129 2188 1219 2253 οἶνον

397 2303 516 2386 ἐγχέας,
539 2301 610 2370 ἄλλ’
628 2304 720 2390 ὕδωρ,
742 2310 796 2370 καὶ
818 2304 1014 2388 καθύπερθε
1034 2309 1131 2388 μέθυ.

268 2428 329 2486 Aut
350 2425 489 2486 omuibus
506 2428 636 2488 convivis
649 2428 678 2486 iu
691 2445 751 2487 uuo
764 2443 870 2502 magne
881 2443 950 2485 vase
962 2425 1181 2504 temperabatur
1192 2426 1304 2497 viuum,

269 2545 398 2623 indeque
410 2545 537 2622 singulis
559 2545 790 2605 distribuebatur
801 2543 840 2616 *).
884 2544 948 2605 Hoc
963 2562 1014 2605 ras
1027 2537 1094 2607 α’πὸ
1106 2543 1161 2608 τοῦ
1169 2542 1307 2625 κεράσαι

268 2664 410 2745 κρατῆρα
432 2663 569 2723 dicebant
592 2662 703 2741 Greci,
737 2664 876 2743 idemque
905 2681 1010 2722 nomeu
1035 2662 1159 2722 Romani
1183 2681 1306 2741 recepe-

268 2787 348 2860 runt,
371 2787 485 2842 mutato
503 2782 678 2860 pierumque
689 2783 770 2842 exitu
783 2787 813 2842 et
825 2799 933 2859 genere
949 2777 1084 2843 vocabuli
1108 2785 1153 2853 (v.
1166 2779 1304 2864 lsid30r.

268 2900 343 2977 XX,
356 2896 404 2974 5).
444 2898 539 2960 Notus
557 2904 691 2961 craterae
710 2917 782 2959 usus
799 2901 857 2959 iam
880 2918 916 2960 ex
935 2899 1083 2977 Homer03
1105 2902 1205 2958 manet
1227 2899 1304 2958 idem

268 3036 322 3097 per
346 3035 449 3078 omues
471 3017 591 3079 Graeciae
613 3021 727 3093 etates,
749 3018 827 3096 apud
848 3017 965 3078 Atticos
986 3019 1157 3095 scriptores,
1180 3019 1210 3076 iu
1233 3017 1305 3077 Pto·

268 3136 362 3196 lemaei
385 3155 509 3215 pompa,
532 3137 609 3214 apud
632 3135 826 3196 Plutarchum
854 3142 884 3196 et
912 3135 1142 3214 Pbitostratum‚
1178 3140 1213 3195 ut
1234 3153 1305 3196 sane

269 3258 362 3316 mirus
390 3257 455 3314 sive
483 3257 741 3332 grammaticorum
769 3257 832 3314 sive
854 3257 1026 3334 poetarum,
1048 3271 1124 3331 quos
1146 3252 1305 3331 explicant,

267 3389 352 3434 error
384 3375 435 3449 sit,
458 3373 508 3452 qui
532 3373 640 3451 legitur
662 3391 710 3450 ap.
735 3369 809 3434 ΡοΙΙ.
832 3367 959 3448 v1,92,
982 3371 1147 3456 κρητήρων
1169 3371 1228 3431 diei
1250 3367 1307 3454 τὴν

268 3487 423 3573 ἐπίχυσιν,
453 3459 484 3551 e't
506 3509 554 3569 ap.
574 3490 720 3570 Hesycb.:
750 3489 882 3566 σίτλκον,
916 3489 1050 3573 σκύφιον
1060 3489 1128 3565 “L
1156 3488 1304 3570 οἰνοχόον

268 3606 409 3689 ἀγγεῖον.
467 3608 557 3670 Nube
586 3612 761 3686 argumente
789 3608 898 3668 clarius
927 3614 1065 3688 apparet,
1100 3627 1189 3686 quam
1220 3608 1302 3686 parvi

267 3729 400 3789 facienda
432 3730 472 3790 sit
494 3729 752 3805 grammaticorum
775 3728 953 3806 auctoritas,
987 3727 1025 3788 ab
1054 3728 1185 3805 ipsorum
1208 3727 1302 3805 scrip·

266 3880 393 3888 .—

290 3960 318 4024 *)
336 3959 395 4010 Vid.
412 3961 518 4014 Becker.
538 3963 644 4012 Charisi.
664 3963 686 4028 1,
704 3976 729 4024 p.
748 3959 807 4010 464.

275 4047 318 4110 **)
338 4045 403 4095 Ptin.
424 4047 456 4096 Η.
467 4046 498 4096 N.
513 4045 632 4112 XXXVI,
645 4045 727 4111 tce:
746 4046 868 4109 “Satyrus
886 4052 981 4098 cratera
999 4046 1103 4098 atterius
1120 4048 1190 4098 sitim
1209 4045 1303 4098 sedat'¹

335 4130 410 4181 Tales
431 4131 537 4183 tortasse
557 4133 604 4181 teci
624 4132 716 4182 erroris
735 4145 811 4182 causa
830 4132 940 4181 suerunt.
1182 4121 1191 4138 ’
