2902 4704
767 257 831 325 luz

680 353 909 364 Ἣ

283 467 370 530 nibus
391 471 425 528 et
443 473 523 544 saep'e
543 463 628 542 atius,
650 479 677 524 r.
699 460 772 526 Pan.
794 459 848 543 ΙΙΙ,
869 456 929 542 ³03
962 460 1014 549 lv,
1033 457 1087 524 ul.
1141 461 1238 525 limbo
1260 462 1330 542 pie-

283 602 410 663 rumque
431 585 593 663 introrsum
616 585 714 642 tectus
734 584 800 640 erat
822 596 950 658 perenm
977 584 1041 642 turn
1070 579 1233 659 Gorgonis,
1261 585 1329 642 tum
1413 643 1417 658 ,

282 699 369 782 aitis3
392 705 426 762 ut
446 701 614 780 Hesychius
635 687 925 781 βαλανιομφάλοος
953 698 1123 780 explicans,
1155 699 1265 760 hocin
1289 699 1329 760 iia

285 821 434 900 putaverit
454 835 521 880 esse
549 817 717 896 singulare,
752 815 832 894 quod
868 815 1014 878 haberent
1048 812 1216 900 ὄμφάλοος
1246 814 1331 890 ἄνευ

284 935 472 1020 προσώπων.
513 935 605 998 Extat
627 935 694 996 tatis
713 938 814 1010 patera
830 933 931 995 fictilis
951 933 1210 1012 meuioGorgonis
1228 935 1330 1013 capite
1393 907 1395 914 Ι

284 1059 388 1116 ornata
402 1045 461 1134 nn,
479 1027 570 1118 Gertr.
592 1054 669 1132 Rap.
682 1053 775 1115 'Voic
797 1069 827 1114 n.
849 1047 902 1116 42.
953 1051 1042 1126 Quod
1070 1057 1171 1114 autem
1198 1052 1330 1114 Letron-

285 1167 353 1234 nius
375 1191 404 1252 p.
425 1166 491 1234 689
512 1173 569 1234 hoc
601 1171 723 1250 irrigare
755 1186 849 1248 genus
883 1165 1094 1254 ὄμφαλωτοάς
1125 1188 1194 1232 esse
1225 1175 1329 1249 negat,

285 1291 354 1372 quia
376 1308 483 1351 nomeu
506 1289 577 1353 iliud
600 1307 697 1350 raram
726 1295 758 1350 et
783 1289 965 1367 singularem
985 1290 1116 1368 speeiem
1140 1289 1328 1366 iudicaverit,

286 1425 344 1468 nou
367 1409 441 1468 eatis
463 1407 624 1468 attendisse
645 1407 763 1468 videtur
785 1407 822 1468 ad
844 1407 1035 1486 antiquorum
1057 1408 1180 1486 scripta,
1206 1425 1273 1466 nam
1296 1411 1330 1466 et

286 1525 316 1584 in
339 1525 397 1606 his,
421 1542 498 1604 quos
519 1527 691 1605 citavimus,
725 1525 798 1586 iocis
832 1531 863 1586 et
889 1525 926 1586 ab
948 1525 1147 1586 Eratosthene
1169 1529 1200 1585 et
1220 1524 1329 1585 Ascle·

285 1638 683 1722 procrastinante,
706 1661 734 1709 e.
769 1643 912 1704 umbones
943 1647 1115 1722 paterarum
1147 1659 1346 1704 commemo--

286 1764 391 1822 rantur
413 1765 447 1822 ut
469 1778 517 1822 res
539 1779 662 1840 prorsus
684 1735 754 1822 nota
775 1767 806 1822 et
828 1761 969 1840 vulgaris.
1023 1759 1101 1824 Sunt
1132 1765 1231 1821 autem
1261 1759 1329 1822 haec

281 1870 389 1938 'eorum
411 1878 517 1942 rerba:
541 1880 602 1945 rein
623 1877 750 1962 φιάλαν
771 1875 803 1944 οἳ
824 1877 971 1962 agnato
992 1881 1047 1942 ιιαῐ
1068 1879 1129 1944 πᾶν
1141 1877 1328 1958 βαλανείων

285 1989 317 2058 oi
338 1992 438 2058 θόλοι
459 1995 645 2078 παρόμοιοι.
695 1995 767 2060 Sine
788 2015 877 2059 causa
900 1997 992 2078 igitur
1013 1995 1193 2059 Letronnins
1216 2013 1328 2058 norum

283 2109 371 2173 finxit
391 2117 561 2191 paterarum
581 2131 693 2194 genus,
728 2115 807 2194 quod
830 2115 988 2176 umbonem
1009 2113 1133 2175 haberet
1158 2120 1329 2176 extrorsum

286 2233 457 2310 vergentem
480 2232 527 2310 (u.
548 2227 625 2313 35);
658 2215 728 2311 qum
756 2232 869 2312 torma,
902 2233 987 2294 utin
1010 2231 1076 2293 colo
1097 2233 1250 2310 aptissima
1278 2237 1329 2293 est

285 2340 413 2429 (n.38)‚
436 2350 477 2410 ita
499 2351 529 2410 in
553 2355 655 2429 patera
677 2351 751 2412 nihii
774 2350 919 2412 iu'utiiius.
952 2348 1041 2423 Quod
1053 2349 1205 2412 insolitum
1226 2348 1283 2410 init
1296 2355 1328 2411 et

286 2469 486 2544 grammaticis
510 2471 662 2548 negotium
684 2469 830 2546 exhibuit,
854 2485 912 2528 non
935 2467 1025 2528 umbo
1050 2472 1106 2546 est,
1128 2469 1181 2528 sed
1201 2485 1329 2547 compa·

286 2585 363 2646 ratio
384 2586 522 2646 umbonis
545 2605 614 2648 cum
634 2586 739 2648 balneo
761 2605 778 2648 a
800 2583 921 2648 Cratino
936 2589 1098 2663 instituta,
1128 2587 1180 2665 qui
1208 2591 1329 2666 pateras

285 2700 591 2786 βαλανειομφάλους
613 2706 738 2787 dixerat,
761 2705 799 2766 de
821 2723 881 2784 quo
902 2704 992 2766 verbo
1014 2705 1087 2766 mihi
1110 2705 1230 2784 quidem
1242 2705 1329 2764 vide·

286 2823 337 2881 tur
358 2821 465 2881 inutiie
493 2823 657 2903 disputare,
690 2823 833 2903 quoniam
864 2841 923 2884 uon
957 2825 1073 2902 integer
1104 2827 1202 2904 poetae
1228 2822 1327 2894 loeus,

285 2935 338 2996 seri
361 2940 477 2999 tanturn
498 2941 758 3018 grammaticorum
779 2942 929 3020 disputata
951 2945 1095 3004 eatam..

474 3135 505 3203 9.
553 3139 695 3204 Genero
717 3143 879 3230 quodam
897 3153 1133 3241 paterarum.

371 3291 503 3377 Φιάλη
525 3292 700 3379 λιιιαστή
721 3275 784 3356 sive
806 3295 980 3374 simpliciter
1000 3295 1159 3380 λεπαστή,
1183 3312 1268 3373 mox,
1291 3299 1328 3355 ut

227 3383 233 3394 ⁸
283 3427 407 3486 prorsus
428 3411 639 3495 obscuraretur
660 3414 797 3476 adiectivi
827 3417 944 3493 natura,
966 3413 1109 3498 teneriore]
1131 3413 1227 3491 dicta,
1259 3411 1329 3474 'erat

283 3503 422 3606 magnum
433 3529 494 3589 vini
507 3547 569 3606 uas,
581 3547 598 3590 a
610 3529 725 3592 Latinis
737 3533 825 3592 etiarn
838 3532 943 3611 tepesco
955 3532 1111 3614 appellata,
1131 3550 1158 3594 r.
1172 3530 1265 3592 Varro
1286 3529 1326 3592 L.

281 3641 319 3704 L.
346 3644 384 3735 Y,
409 3641 426 3706 l
448 3641 487 3721 33
510 3645 625 3709 Nonius
645 3667 674 3728 p.
695 3635 770 3712 547.
823 3647 944 3726 Nomen·
973 3669 1029 3712 nec
1060 3649 1211 3716 αλάπτω
1242 3648 1326 3709 deri-

284 3767 388 3822 vatum
412 3769 477 3840 est,
510 3769 544 3826 ut
565 3766 629 3838 ruit
648 3765 825 3830 ¹Atheniens
856 3760 932 3847 485,
954 3739 983 3848 a,
1017 3785 1072 3828 neo
1105 3785 1124 3830 a
1156 3764 1327 3849 λαμβάνω,

282 3881 316 3937 ut
348 3882 485 3958 egregius
517 3883 569 3944 iiie
600 3884 692 3978 schol.
720 3881 882 3946 Clementis
904 3884 1021 3974 Paedag.
1043 3883 1082 3964 ΙΙ,
1104 3879 1150 3947 32.
1181 3879 1327 3970 λεπαστὴ

279 3993 458 4075 gorgoneis
477 3997 619 4082 ἔκπωμα,
641 3999 770 4067 inundo
790 4005 853 4085 μιᾷ
873 3997 908 4078 ’τὰ
931 4003 1091 4088 εἰλῆφθαι
1108 4003 1326 4084 παρεχομένη·

282 4113 432 4176 cruditum
455 4119 655 4197 canestrum,
679 4121 729 4197 qui
744 4137 780 4180 ne
792 4124 923 4197 pateram
946 4122 1066 4199 quidem
1088 4138 1155 4182 esse
1181 4121 1328 4197 patiatur,
