2902 4704
746 245 807 312 106

257 453 351 514 Allert
363 452 465 513 Pollux
479 453 528 513 lib.
539 451 718 516 X.eiosdem
730 458 824 530 poetro
833 452 1028 514 versiculum:
1040 448 1202 534 βαλανιάς
1212 449 1299 516 ὤθει

257 581 325 646 ταῖς
334 567 531 652 ἀρυταλνοιις.
564 569 717 631 Laudatur
729 587 817 649 porro
829 571 1054 650 Theophrastus
1066 571 1154 632 Char.
1166 568 1204 632 9:
1217 573 1297 633 Δει-

258 684 313 765 νὸς
322 687 358 752 δὲ
369 692 423 752 καὶ
433 684 513 772 πρὸς
524 685 563 752 τά
567 687 705 770 χαλκεῖα
715 686 755 752 τά
762 683 846 777 ἐντῷ
856 688 1021 776 βαλανείῳ
1036 684 1231 772 προσελθών
1241 693 1298 751 καὶ

256 807 373 890 βάψας
394 803 572 890 ἀρύταιναν
588 808 726 889 βοῶντος
737 806 968 889 τοῦβαλανέως
979 801 1072 882 αὐτὸς
1083 802 1296 874 αὖτοῦκατα-

255 929 410 1008 χέασθαι.
442 925 476 986 lu
488 921 641 1017 ἀρυταίνῃ
652 927 744 1003 igitur
755 925 835 986 nulla
849 930 895 986 est
910 926 1056 986 dubitatio
1068 927 1139 1003 quin
1152 927 1297 986 erraverit

257 1045 350 1106 schol.
364 1045 518 1123 Aristopu.
537 1045 753 1122 interpretans:
773 1043 915 1125 χαλκοῦν
936 1044 1055 1119 σκεῦος,
1078 1039 1105 1130 ιβ
1125 1039 1161 1108 τὰ
1182 1041 1296 1108 ἔλαιον

256 1162 415 1244 ἐγχέουσιν
424 1162 469 1238 εἷς
480 1157 549 1238 τοὺς
562 1160 700 1243 λύχνους.
746 1161 813 1222 Fuit
825 1181 964 1240 magnum
977 1179 1037 1239 vas,
1054 1179 1113 1240 quo
1128 1164 1158 1224 in
1181 1162 1296 1222 balneis

255 1300 363 1360 aquam
386 1281 540 1341 haurirent
561 1284 592 1340 et
613 1299 704 1359 super
714 1281 845 1342 lavantes
858 1280 1054 1358 etlundorenl,
1076 1280 1244 1358 hauslrum,
1267 1282 1294 1340 si

255 1399 435 1460 Lucretiano
457 1398 598 1458 vocabulo
620 1400 664 1459 uli
686 1397 766 1460 licet.
810 1397 899 1476 Quod
922 1403 1021 1459 autem
1036 1397 1185 1458 Beckerus
1198 1395 1295 1470 (Cha-

256 1517 319 1578 ricl.
332 1517 369 1596 ll,
385 1536 414 1595 p.
427 1511 504 1590 144)
526 1514 663 1595 aifirmat,
686 1511 865 1598 ἀρύταιναν
886 1535 952 1577 esse
973 1516 1092 1577 situlam
1114 1535 1191 1593 eam,
1224 1535 1294 1594 quae

255 1639 406 1713 spectetur
429 1637 459 1696 iu
480 1653 551 1696 vase
572 1636 650 1712 piola
672 1629 774 1710 nul,
787 1654 818 1696 u.
831 1630 862 1707 l,
885 1653 958 1696 sane
974 1639 1145 1713 argumenta
1158 1633 1293 1712 requiro.

338 1753 437 1814 Etiam
459 1755 489 1812 in
513 1747 684 1838 ἀρυβάλλῳ
707 1751 860 1813 Pollucem
882 1770 1003 1831 sequor,
1028 1770 1082 1812 nec
1104 1757 1176 1831 puto
1198 1752 1294 1813 multo

253 1870 291 1930 ab
314 1871 363 1931 illa
384 1871 535 1931 diversum
557 1870 659 1948 luisse,
681 1871 848 1931 nonsolum
862 1871 1048 1949 propterviri
1071 1871 1292 1944 auctoritatem,

253 1988 305 2048 sed
328 1990 417 2048 etiam
436 1993 557 2067 propter
568 1989 776 2068 etymologiam
789 1989 927 2071 nomime,
950 1993 979 2049 et
1001 1993 1123 2067 propter
1144 1990 1293 2048 rationem

254 2104 546 2188 looiAristophanei3
570 2125 663 2186 quum
685 2107 763 2166 enim
786 2108 953 2167 insiciarius
976 2108 1005 2168 id
1028 2124 1146 2184 semper
1162 2111 1292 2186 spectet,

168 2280 176 2302 ,
253 2227 287 2283 ut
309 2227 452 2300 perpetuo
474 2225 586 2284 maiora
608 2225 774 2303 pollicendo
793 2223 932 2286 Cleonem
955 2227 1068 2304 vincat,
1092 2241 1150 2284 non
1172 2225 1293 2285 videtur

253 2359 360 2418 magno
382 2343 461 2402 illius
483 2343 606 2404 haustro
627 2361 747 2422 parvam
769 2343 928 2421 ampullam
946 2342 1129 2403 substituere
1147 2343 1291 2420 potuisse.

251 2459 353 2533 Quare
375 2459 458 2520 lusus
481 2459 604 2522 forsitan
634 2466 729 2540 poetro
757 2461 884 2522 alicuius
912 2463 969 2540 sit,
1004 2461 1082 2540 quod
1104 2463 1292 2539 marsupium

252 2579 293 2638 ila
316 2583 362 2638 cst
383 2579 580 2659 appellatum,
610 2599 645 2641 ac
668 2581 770 2640 nescio
792 2597 828 2640 au
851 2579 893 2638 nil
917 2580 973 2639 nisi
996 2580 1166 2640 coniectura
1189 2597 1292 2656 gram·

251 2697 438 2777 malleorum,
463 2699 542 2776 quod
564 2699 672 2759 (locent
694 2703 744 2770 [ut
759 2696 869 2759 Athen.
884 2696 941 2776 XI,
953 2689 1027 2778 783,
1039 2696 1078 2775 i),
1101 2691 1292 2779 ἀρύβαλλον

251 2830 319 2874 esse
340 2813 491 2898 ποτήριον
505 2816 656 2880 κάτωθεν
677 2811 848 2898 εὐρύτερον,
871 2813 940 2879 ἀνω
962 2813 999 2877 δὲ
1020 2819 1223 2898 συνηγμένον,
1245 2811 1292 2892 ἀς

251 2927 291 2994 τά
312 2935 479 2996 σάσπαστα
499 2933 680 3015 βαλάντια,
715 2933 738 2997 ἀ
763 2937 819 2996 καὶ
846 2928 928 2998 αάτά
955 2930 1011 2996 διά
1036 2929 1092 3017 τῆν
1113 2927 1289 3016 ὁμοιότητα

251 3045 450 3132 ἀρυβάλλους
471 3055 553 3130 τινὲς
576 3051 717 3118 καλοῦσι.
761 3051 915 3114 Consentit
938 3051 1030 3114 schol.
1052 3052 1122 3114 An:
1147 3051 1290 3116 πλεκτόν

250 3190 279 3230 τι
299 3167 478 3249 βαλάντιον
492 3169 572 3254 ὅπερ
583 3169 757 3254 ἑλκόμενον
767 3170 906 3234 κλείεται
923 3173 977 3232 καὶ
998 3165 1171 3250 ἀνοίγεται,
1192 3169 1291 3254 παρὰ

249 3281 284 3349 τὸ
314 3282 424 3367 ἀράειν
451 3292 506 3351 καὶ
526 3289 677 3372 βάλλειν,
700 3295 731 3349 et
752 3288 899 3366 Hesych.:
930 3284 1112 3369 ἀρυβαλλδα
1140 3286 1290 3372 λήκυθον

247 3406 388 3488 Δωριεῖς,
411 3403 443 3469 oi
465 3404 501 3468 δὲ
521 3406 779 3490 μάρσυπιτον.-
801 3404 890 3484 Quod
913 3407 1005 3484 igitur
1020 3405 1151 3467 Panollra
1174 3406 1288 3486 (Reoh.

249 3522 286 3603 V,
307 3519 367 3598 95)
390 3528 420 3584 et
441 3522 611 3585 Gerhardus
636 3526 729 3602 (llap.
752 3520 979 3604 59—613Un.
1003 3524 1040 3587 R.
1063 3520 1116 3604 42,
1139 3519 1198 3600 43)
1220 3543 1290 3586 am-

248 3640 343 3719 pullas
375 3611 513 3702 olearias'
534 3642 655 3720 globosa
689 3642 799 3724 torma,
833 3660 907 3721 quas
937 3641 1002 3702 ltali
1030 3638 1114 3702 “vasi
1143 3660 1160 3703 a
1190 3641 1287 3720 pallo”

248 3758 360 3835 dicunt,
383 3759 737 3839 aryballosappellarunt,
761 3779 819 3820 uon
841 3761 937 3821 solum
961 3762 1093 3838 ignotum
1115 3764 1147 3820 et
1168 3765 1288 3822 mature

246 3875 412 3937 obsoletum
434 3896 540 3938 nomen
559 3882 733 3956 posuerunt,
757 3878 821 3955 sed,
844 3884 878 3940 ut
892 3881 1009 3959 opinor,
1032 3895 1154 3957 prorsus
1167 3876 1287 3942 laisum.
