2906 4716
600 263 641 330 81

101 471 243 550 quonium
265 469 323 532 hoc
346 487 396 531 vos
419 485 476 532 non
499 467 799 550 cooperaturum,
821 471 874 549 sed
896 472 1044 543 etiamad
1066 471 1140 534 atius

105 607 153 650 res
175 590 351 668 portandas,
385 591 418 648 ut
439 605 536 666 poma,
567 591 600 648 ui
622 585 742 654 bellaria
764 588 929 652 adhibitum
952 591 1078 665 videtur,
1113 609 1140 650 v.

103 707 234 788 Passeri.
256 705 468 776 Munliirusc.
489 709 543 782 ΙΙΙ,
565 699 645 785 206;
669 702 739 768 Cab.
752 706 918 787 Pourtaits‚
941 703 992 770 10.
1038 705 1140 786 Quare

103 829 226 904 praestet
248 824 385 902 fortasse,
418 823 549 886 calathos
571 823 730 902 appetiere.
784 823 866 886 inter
887 825 990 887 fictilia
1012 843 1049 886 ne
1071 827 1139 904 quis

102 948 256 1022 psyeteras
277 947 406 1024 querat,
440 949 473 1004 ut
494 941 565 1006 iecit
586 940 659 1004 Pan.
681 941 732 1020 tv,
757 939 808 1021 16,
840 945 924 1023 prius
946 925 1139 1022 querendum

100 1072 154 1142 est,
178 1080 250 1122 num
271 1079 400 1140 unquam
418 1060 526 1122 fictiles
545 1058 665 1122 iuerint.

179 1180 271 1241 Extat
292 1181 321 1242 in
344 1195 447 1240 museo
470 1177 560 1255 Regis
585 1179 678 1240 nostri
696 1179 900 1256 augustissimi
924 1197 974 1242 vas
996 1181 1136 1261 putcher—
1242 1241 1247 1252 ,

96 1297 205 1362 rimum
216 1296 493 1375 Voioisinveutum,
517 1295 595 1375 quod
619 1297 689 1375 quia
711 1297 853 1374 singulari
876 1315 998 1376 prorsus
1021 1301 1136 1362 ratione

97 1419 299 1495 comparatum
322 1419 387 1494 est,
422 1417 452 1476 in
482 1413 580 1476 tributo
602 1413 672 1476 huic
694 1414 770 1476 libro
791 1433 905 1476 annexa
927 1417 1135 1482 detineandum

96 1534 275 1596 curavimus.
319 1531 394 1596 Nam
405 1533 591 1594 extrinsecus
603 1534 731 1594 intuenti
743 1533 894 1612 amphoru
911 1538 1040 1613 speciem
1058 1555 1136 1615 prce·

97 1651 158 1724 bet,
180 1653 261 1712 intus
273 1669 343 1712 vero
365 1651 396 1712 in
419 1651 479 1712 duo
501 1668 570 1712 vasa
593 1651 721 1712 divisum
745 1657 801 1727 est,
824 1651 950 1712 aiterum
974 1655 1133 1734 internum,

97 1773 251 1830 externum
285 1767 411 1834 aiterum
444 1769 515 1830 iliud
550 1769 679 1830 medium
716 1769 923 1847 complectens.
977 1770 1074 1833 Huius
1103 1774 1133 1832 in

96 1887 250 1966 superiore
272 1891 357 1966 parte
378 1905 412 1948 os
434 1891 497 1967 εει,
520 1905 575 1966 per
597 1887 675 1967 quod
698 1885 870 1948 infundatur
890 1887 999 1966 liquor,
1022 1890 1051 1950 in
1074 1890 1134 1950 imo

96 2009 196 2066 autem
218 2003 309 2066 tundo
330 2004 462 2066 toramen
485 2009 531 2066 est
557 2005 728 2084 parvulum,
762 2005 813 2066 ubi
842 2005 962 2084 plenum
984 2023 1035 2068 vas
1057 2011 1133 2087 erat,

96 2123 301 2186 obturamento
323 2123 474 2200 clausum,
509 2124 565 2184 hcc
588 2142 657 2185 vero
683 2128 834 2204 extracto,
866 2123 1001 2186 effluenti
1024 2125 1133 2204 liquori

97 2243 172 2302 riam
195 2242 340 2320 aperiens.
384 2241 483 2302 Limes
495 2259 602 2319 corpus
615 2243 692 2302 vasis
709 2244 797 2320 paulo
820 2242 893 2305 inira
916 2245 1047 2306 medium
1069 2246 1131 2305 cin-

98 2376 168 2435 gens
191 2359 301 2420 indicio
323 2364 386 2438 est,
420 2359 527 2438 tripodi
551 2359 723 2438 impositum
750 2359 853 2422 tuisse.
908 2360 1133 2440 &ondeta-diue,

97 2493 185 2554 quem
215 2477 351 2557 sequitur
379 2477 560 2538 Letrounius
589 2478 618 2536 in
648 2476 774 2555 Ephom.
803 2476 855 2538 Er.
880 2471 979 2556 tutti,
1007 2497 1037 2556 p.
1057 2473 1132 2557 613,

98 2601 157 2660 not.
171 2589 201 2674 l,
223 2595 280 2656 hoc
293 2612 344 2656 vae
361 2595 507 2680 ψυκτῆρα
524 2594 616 2656 tuisse
637 2594 770 2674 putebat,
804 2596 962 2673 niuemque
984 2596 1013 2654 in
1035 2595 1132 2657 medio

96 2731 165 2790 ruse
187 2714 330 2774 inclusam
352 2715 491 2776 exteriori
504 2715 573 2774 vino
595 2713 706 2792 aliquid
729 2732 765 2774 ex
787 2713 897 2792 frigora
919 2730 974 2774 suo
997 2715 1131 2791 imperti-

96 2831 184 2892 vissc.
227 2829 284 2892 Sed
307 2833 602 2910 praeterquamquod
625 2831 705 2896 nuile
727 2849 859 2912 unquam
880 2832 986 2893 similis
1008 2829 1133 2910 refrige-

96 2949 178 3012 randi
208 2951 285 3009 ratio
314 2949 392 3028 apud
424 2950 564 3028 antiquos
597 2952 761 3031 indicatur,
798 2969 852 3013 neo
879 2969 951 3012 senc
979 2955 1047 3029 apte
1075 2949 1132 3012 iuit

95 3067 240 3127 eiusmodi
264 3069 339 3128 ratio
361 3067 454 3128 mutto
482 3070 580 3128 minus
609 3067 714 3130 efficax
736 3087 825 3147 quarn
853 3086 912 3146 eae,
946 3069 1131 3146 quasvuigo

95 3183 123 3243 in
148 3201 205 3246 usu
226 3183 319 3245 fuisse
342 3185 480 3264 vidimus,
511 3191 545 3247 ut
567 3188 615 3246 nix
637 3191 689 3247 aut
710 3188 778 3246 vino
800 3186 1043 3260 circumdaretur,
1078 3191 1131 3245 eut

95 3301 123 3360 iu
146 3302 245 3380 ipsum
266 3304 367 3362 ‘vinum
390 3304 607 3383 demitteretur,
631 3321 687 3366 neo
708 3305 828 3364 omnino
850 3302 981 3364 toramen
1006 3302 1076 3362 iliud
1100 3304 1129 3362 iu

95 3416 185 3481 tundo
213 3421 290 3481 vasis
323 3399 559 3502 mortennani,
592 3423 677 3483 cuins
710 3420 870 3500 identidem
899 3419 1073 3480 extrahatur
1099 3425 1130 3480 et

95 3541 256 3614 reponatur
277 3538 532 3620 obturemenium3
561 3542 586 3600 si
610 3539 686 3600 hanc
708 3539 744 3600 ad
767 3555 831 3599 rem
853 3538 1033 3598 destinatum
1056 3536 1129 3598 iuis·

95 3660 157 3730 set,
180 3671 304 3716 necesse
327 3661 391 3717 erat
413 3675 472 3716 non
496 3658 525 3717 in
548 3647 724 3736 ipso'iundo
746 3661 826 3717 esset
848 3655 995 3733 toramen,
1023 3654 1076 3715 sed
1100 3656 1129 3716 iu

95 3771 234 3833 interiore
255 3778 340 3851 perte
361 3773 481 3855 lateris,
516 3780 549 3835 ut
578 3777 607 3836 iu
637 3774 816 3853 Pompeiano
839 3774 888 3834 iiio
920 3772 1130 3856 θερμαντῆρι,

95 3907 183 3967 quem
197 3887 273 3952 inira
286 3893 600 3972 commemorabimus3
623 3911 659 3952 ex
680 3891 737 3951 hoc
758 3895 857 3952 eutem
881 3895 962 3970 patet
983 3891 1129 3970 liquorem
1200 3919 1204 3928 ·

95 4009 237 4070 emissum
248 4007 351 4090 inisse,
374 4012 460 4072 cuius
483 4010 581 4072 nutius
603 4013 683 4070 esset
705 4025 786 4070 usus.
801 4041 843 4054 -·
864 4007 941 4070 Fieri
965 4012 1073 4088 potest,
1095 4015 1129 4069 ut

94 4127 129 4185 ad
151 4128 252 4188 ninum
274 4127 507 4205 refrigerandum
529 4126 586 4188 hoc
608 4143 677 4188 unse
699 4128 739 4186 ita
761 4128 822 4187 siut
843 4127 901 4205 nei,
934 4129 1080 4188 utvinum
1099 4126 1129 4184 in

910 4241 928 4287 u
