2906 4716
781 240 824 306 16

692 330 916 342 m

288 445 367 506 illam
393 445 527 524 argillam
556 443 693 524 Goliam,
726 446 764 507 dc
790 463 849 524 qun
876 444 983 508 suidas
1011 463 1037 508 s.
1058 461 1104 508 v.:
1149 447 1224 514 ὅσαι
1244 449 1326 532 πρὸς

286 563 540 628 omonimum
571 561 769 648 ἐπιτηδείαν,
809 565 923 628 πασῶν
953 560 974 649 ἦ
1006 559 1131 641 Kadag
1163 570 1325 649 κρείσσων.

287 680 397 744 Notum
418 687 476 760 eet,
499 699 634 761 magnam
656 686 771 762 partem
792 682 979 745 Athenarum
1001 684 1110 745 dictam
1135 703 1203 747 esse
1218 687 1326 769 Κερα-

284 797 406 882 μεικόν.
441 799 503 862 Nec
524 802 554 862 in
577 799 642 862 loro
663 801 760 864 solum
772 801 946 879 prostabant
956 799 1127 885 primasii),
1149 803 1201 864 sed
1215 822 1324 884 expcn-

286 917 425 993 tabautur
441 923 472 980 et
487 937 542 998 per
559 923 651 980 tatnm
663 917 806 982 Graeciam
820 917 1066 983 divendebnutur.
1101 919 1204 999 Quare
1219 923 1322 1001 Argivi

189 1054 193 1058 ·
285 1036 513 1115 etAEginctaein
526 1035 1115 1116 iestisquibusdnmlegeinterdixerunt,
1137 1057 1175 1100 ne
1186 1042 1255 1119 quis
1265 1042 1322 1102 At-

284 1156 351 1216 ticis
369 1155 454 1216 testis
472 1159 608 1216 uteretur
628 1161 672 1229 (v.
685 1154 829 1218 Herodot.
841 1155 878 1236 V,
900 1148 970 1230 88).
997 1155 1106 1218 Parcos
1117 1161 1217 1219 autam
1229 1157 1323 1219 Lace-

285 1275 457 1354 doemonios,
468 1273 682 1334 Eratosthenes
695 1279 759 1351 (ap.
767 1273 838 1334 Alb.
847 1273 901 1349 xl,
913 1268 989 1352 482,
997 1275 1043 1348 b.)
1055 1275 1185 1354 tradidit,
1198 1277 1322 1338 crateris

284 1409 355 1454 usas
366 1409 433 1452 esse
444 1409 503 1452 non
515 1410 552 1452 ex
563 1378 684 1469 arficulo
696 1390 797 1470 iactis,
814 1409 911 1470 neque
923 1394 1048 1470 gemmis
1060 1395 1184 1470 ornatis,
1197 1371 1259 1455 *sed
1269 1395 1323 1477 τῆς

284 1507 459 1586 Κωλιάδος.
480 1511 523 1571 Ac
537 1528 573 1570 ne
583 1515 682 1590 putes,
695 1509 1124 1586 mercaturamAtheniensium
1137 1512 1230 1590 ipsius
1237 1511 1320 1574 urc-

283 1631 336 1690 cias
347 1628 456 1690 finibus
473 1629 726 1706 circumscriptam
743 1627 847 1706 luisse,
870 1646 962 1706 quum
979 1628 1072 1690 multa
1087 1629 1246 1708 prohibent
1259 1629 1319 1692 cla-

282 1748 400 1808 rissima
416 1747 562 1828 exempla,
585 1754 648 1808 tum
671 1745 716 1807 vel
739 1764 786 1824 ea,
808 1745 1230 1825 quasinmnnibusbsbemus,
1252 1745 1319 1808 Cri·

282 1867 331 1927 tim
353 1863 441 1927 rerba
463 1867 493 1926 in
515 1867 608 1944 elegia
631 1883 721 1943 suprn
742 1870 984 1945 commemorata,
1007 1865 1155 1927 laudantis
1176 1883 1268 1927 aenea
1288 1871 1321 1926 et

281 2001 371 2044 aurea
382 2001 472 2062 opera
481 1984 689 2062 Etruscorum,
703 1987 733 2043 st
746 1981 915 2061 psephisma
926 1983 1264 2060 quoddamAtbeniaasa
1275 1988 1318 2056 (v.

283 2101 421 2164 ltullatin.
443 2103 471 2162 d.
493 2101 566 2164 tusc
591 2095 684 2180 1836,
707 2118 736 2178 p.
752 2095 829 2194 132)
847 2101 884 2160 de
906 2100 1021 2160 colonia
1046 2102 1076 2160 in
1094 2100 1216 2160 Adriam
1233 2103 1273 2174 (i.
1289 2119 1317 2164 e.

165 2304 167 2308 Ι
281 2220 318 2280 ad
340 2237 421 2280 utare
442 2219 634 2298 Adriaticum,
658 2237 685 2281 v.
709 2218 809 2279 liram.
832 2236 862 2296 p.
884 2212 964 2290 204)
986 2218 1174 2296 deducenda,
1197 2221 1232 2278 ut
1253 2222 1318 2279 tuta

281 2340 362 2398 esset
391 2341 422 2398 et
448 2355 551 2399 secura
581 2339 728 2415 navigatio
758 2335 990 2398 Atheniensibus
1023 2337 1052 2395 in
1085 2333 1144 2395 illis
1175 2335 1317 2398 maribus.

281 2454 346 2516 Non
370 2457 477 2518 mirum
500 2457 606 2535 igitur,
629 2457 655 2516 si
678 2456 778 2516 Attica
800 2473 869 2516 vasa
892 2471 950 2515 non
973 2453 1098 2516 Athenis
1120 2453 1234 2532 solum,
1263 2454 1316 2514 sed

280 2577 369 2636 etiam
392 2575 522 2653 AEginae,
556 2575 586 2634 in
608 2573 725 2652 Sicilia,
758 2575 788 2633 in
811 2573 895 2634 ltalia
918 2573 1118 2634 inveniuntur.
1164 2571 1318 2632 Pertinent
1367 2533 1379 2542 β

279 2694 359 2753 enim
381 2693 441 2754 buc
462 2711 499 2752 ea
519 2709 598 2769 vasa,
621 2709 688 2770 quae
710 2692 835 2752 maxime
856 2690 1053 2768 celebrantur,
1076 2689 1177 2750 Volcis
1192 2687 1318 2750 sthlae
1429 2711 1430 2714 ¹

279 2813 414 2888 inventa,
448 2827 515 2888 qum
544 2809 633 2888 vulgo
661 2814 805 2888 putarunt
837 2807 885 2868 his
918 2809 990 2886 ipsis
1021 2808 1095 2868 locis
1127 2823 1195 2867 esse
1226 2805 1315 2887 iacta,

280 2947 373 3008 quum
396 2928 495 2989 Volcis
518 2927 598 2988 nulla
619 2927 755 2988 videatur
777 2925 947 2987 Graecorum
971 2925 1086 2986 colonia
1107 2925 1218 2998 luisse,
1242 2923 1315 2984 Nola

280 3045 518 3121 Chalcidensium
542 3045 593 3106 illa
614 3045 734 3124 quidem
755 3044 871 3105 colonia
892 3042 983 3104 luerit
1004 3043 1101 3122 [quod
1124 3060 1233 3121 negare
1254 3057 1314 3102 non
1428 3069 1429 3114 ς

279 3164 405 3226 debebat
427 3163 526 3226 Kram.
548 3183 578 3242 p.
604 3157 666 3223 148
687 3165 788 3244 sqq.),
822 3162 874 3221 sed
905 3179 1056 3239 nunquam
1078 3161 1236 3222 admodum
1259 3160 1314 3220 tlo-

279 3285 383 3346 ruerit.
433 3282 488 3343 Est
512 3285 622 3371 ⁸autam
650 3298 754 3340 eorum
781 3297 849 3340 cum
876 3279 932 3356 iis,
974 3297 1041 3355 quae
1068 3279 1098 3338 in
1125 3280 1189 3356 ipsc
1215 3278 1315 3338 Attica
1427 3283 1428 3306 *

277 3403 396 3463 inventa
424 3403 511 3476 sunt,
546 3403 628 3459 tauta
657 3402 688 3457 et
714 3402 774 3457 tam
802 3394 934 3475 perlecta
961 3395 1140 3478 similitudo,
1174 3399 1208 3456 ut
1234 3394 1315 3455 nulla

195 3587 197 3592 ,
278 3521 424 3583 dubitatio
447 3517 580 3580 residens
602 3516 707 3594 possit.
752 3512 797 3575 Ac
820 3531 857 3574 ne
879 3514 948 3590 quis
970 3511 1056 3574 nobis
1077 3513 1210 3590 obiiciat,
1233 3511 1315 3572 nulla

284 3800 329 3872 J)
348 3817 372 3854 v.
389 3801 434 3854 Ar.
453 3803 511 3866 Lys.
530 3803 582 3857 au
599 3817 639 3868 sq.

346 3887 408 3940 Νῦν
422 3885 477 3956 μὲν
493 3885 548 3963 γὰρ
567 3886 600 3954 δὴ
618 3887 672 3942 κάν
689 3889 761 3941 ταῖσι
772 3883 887 3960 χύτραις
903 3882 957 3937 κᾶν
970 3885 1026 3939 τοῖς
1038 3879 1199 3952 λαχάνοισιν
1211 3874 1317 3948 ὅμοιως

346 3972 533 4045 περιέρχονται
554 3969 623 4025 κατὰ
646 3969 696 4038 τὴν
718 3967 827 4045 ἀγορὰν
850 3967 898 4032 §dv
916 3967 1008 4024 ὅπλοις
1026 3965 1116 4040 ὥσπερ
1133 3961 1315 4038 Κορύβαντες.

344 4057 419 4108 Unda
437 4057 524 4106 rustici
537 4057 640 4117 quidam
653 4056 811 4118 grammatici
822 4067 915 4106 nomen
928 4052 1058 4116 proprium
1071 4053 1185 4102 iecerunt
1196 4045 1316 4118 Χύτρατ,

346 4149 374 4192 ut
390 4141 470 4194 scbol.
491 4140 523 4190 ad
540 4139 585 4190 Ar.
602 4141 650 4190 Aa.
667 4151 691 4192 v.
711 4138 743 4188 13
761 4145 786 4188 et
803 4139 956 4200 Hesychius.
