2902 4704
746 193 807 260 122

662 284 885 293 m

249 399 389 482 χαλκοῦν
416 402 501 482 μέγα
529 398 648 466 ῦλκιον·
688 396 724 462 ἒν
751 396 788 462 ot
816 395 999 482 Φιλήμονος
1018 397 1125 484 Γάμῳ·
1163 397 1296 464 Ὁλκιον

251 515 340 582 εἶδον
361 514 415 580 ἐπὶ
434 517 572 608 τραπέζῃ
594 519 742 600 κείμενον
763 517 869 598 πυριῦν
890 539 923 580 τε
943 515 1068 601 μεστόν.
1121 517 1212 578 Extat
1233 518 1294 578 bue

252 653 358 696 nomen
383 635 469 698 intr.
501 636 644 715 Epiganis
676 653 724 714 ap.
747 634 816 696 Ath.
839 634 894 712 xi,
916 629 991 712 486,
1014 650 1049 713 e;
1083 637 1115 716 in
1136 634 1293 698 Ptolemoei

251 771 357 833 pompa
381 750 470 827 (199,
493 753 536 829 D:
569 749 681 819 iterra
718 751 791 828 ῦῦο,
823 749 974 835 ἑκάτερον
992 753 1116 834 χωροῦν
1135 748 1292 836 μετρητὰς

252 876 358 938 πέντε·
370 873 547 934 inbutionbi
559 845 800 951 autemtl95‚e]:
813 868 848 933 έκ
861 873 984 953 χρυσοῦν
994 865 1110 936 sumo
1121 866 1294 954 ήλελφοντυ

249 993 384 1078 κροκλνήι
405 988 503 1077 μῦρῳ·
525 987 565 1074 ήν
586 988 623 1054 δὲ
644 990 743 1058 ταῦτα
761 986 1003 1054 πεντεκαίδεκα·
1026 990 1056 1049 in
1079 989 1184 1050 baineo
1206 987 1292 1050 Darii

252 1111 377 1170 miratus
392 1115 439 1170 est
455 1109 622 1170 Alexander
643 1107 739 1180 (Ptut.
751 1103 846 1181 eto)
869 1105 965 1171 ὅλκια
986 1110 1041 1170 καὶ
1060 1101 1215 1189 κρυσσοῦς
1235 1111 1294 1170 καὶ

250 1226 384 1302 πυέλους
405 1230 459 1292 καὶ
480 1222 711 1309 ἀλαβάστρους.

334 1343 412 1406 Mate
434 1347 544 1406 errarit
564 1343 697 1406 Panotira
718 1344 778 1406 duo
811 1343 928 1404 diversa
961 1361 1046 1424 vasa,
1080 1347 1225 1404 crateram
1258 1351 1292 1404 et

170 1507 173 1513 .
250 1462 400 1540 poculum,
423 1455 557 1526 ὁλκατου
578 1469 609 1522 et
630 1443 741 1527 ὅλκιον
762 1462 913 1542 appellans
931 1461 985 1533 (R.
1008 1460 1047 1540 lt,
1069 1457 1129 1542 913
1147 1461 1199 1542 lv,
1217 1457 1288 1534 θλ).

249 1579 422 1642 Gerbardus
455 1584 554 1642 autem
576 1599 756 1661 quamquam
790 1579 900 1642 fatetur
928 1578 1034 1640 iaisum
1056 1597 1138 1660 esse,
1178 1579 1292 1640 mavult

251 1703 349 1760 tamen
383 1698 441 1760 boo
464 1700 582 1760 nomine
608 1700 757 1778 appellare
778 1699 917 1778 poeutum
940 1699 1087 1775 quoddam
1121 1697 1180 1758 sito
1214 1698 1292 1776 pede

249 1818 392 1878 insistens
414 1816 506 1896 (Rsp.
529 1812 589 1897 273
614 1817 672 1878 Uit.
696 1816 732 1876 R.
756 1811 825 1895 27),
850 1818 919 1896 qnia
942 1816 1032 1876 huius
1050 1816 1163 1878 vasculi
1186 1833 1291 1877 verum

251 1953 356 1996 nomen
380 1937 511 1998 nondum
533 1937 573 1997 sit
594 1937 745 2014 repertum
767 1934 840 2006 (Uit.
863 1935 900 1994 R.
924 1953 953 2013 p.
977 1930 1062 2005 155).

431 2131 461 2198 7.
505 2135 866 2221 Περιρραντήριον,
889 2133 1103 2220 α’ρῦοὶνιον.

334 2287 389 2350 Ubi
413 2291 481 2370 quis
503 2303 620 2351 suerum
642 2290 740 2352 ionum
761 2289 905 2366 intrabat,
937 2293 971 2350 ut
998 2307 1092 2368 purus
1114 2291 1145 2349 et
1166 2297 1290 2350 sanetus

249 2407 464 2488 ingrederetur,
487 2409 661 2487 purgatione
690 2425 766 2485 opus
798 2412 870 2468 erat.
925 2405 1028 2481 Quare
1060 2407 1178 2468 lustrati
1211 2425 1290 2486 aqua

248 2526 490 2602 aspergebantur.
534 2526 639 2588 Patres
665 2531 781 2604 autem,
810 2544 877 2604 qua
905 2525 982 2586 banc
1010 2543 1117 2604 aquam
1152 2527 1289 2586 eontine-

249 2642 330 2721 bant,
354 2639 597 2729 ἀπορραντήρια
619 2651 650 2708 et
672 2641 922 2726 περιρραντήρια
943 2644 1126 2706 dicebantur.
1149 2641 1227 2704 Nota
1240 2660 1290 2704 res

248 2765 294 2820 est
326 2762 372 2822 vei
406 2781 442 2822 ex
464 2763 614 2823 Herodoto
638 2762 678 2838 (1,
700 2758 776 2844 51),
800 2763 852 2840 qui
875 2760 1018 2847 Croesum
1042 2761 1131 2822 tradit
1163 2759 1291 2838 Delphis

248 2877 400 2939 dedicasse
423 2880 481 2940 duo
503 2878 762 2964 περιρραντήρια,
785 2899 908 2942 aureum
931 2884 961 2940 et
982 2884 1165 2957 argenteum.

332 2996 430 3057 Etiam
464 3000 585 3078 quiex
618 2997 733 3060 funesta
767 2999 855 3060 domo
888 3000 918 3058 in
951 2998 1102 3077 publicum
1136 2997 1287 3076 prodibat,

247 3133 367 3194 aspersa
389 3133 465 3195 aqua
489 3117 658 3194 purgandus
680 3121 759 3196 erat3
798 3135 825 3178 v.
850 3116 925 3178 Poii.
950 3116 1002 3192 vt,
1024 3113 1084 3179 65:
1108 3111 1139 3179 oi
1160 3112 1215 3178 ἐπὶ
1231 3110 1289 3199 τήν

246 3232 354 3297 nister
375 3235 430 3299 τοῦ
449 3237 651 3310 πενθοῦντος
666 3229 905 3318 υἷφικνοῦμενοι,
922 3231 1056 3319 ἐξιόντες
1067 3231 1289 3316 έκαθαλροντο

244 3349 338 3416 aidau
359 3352 651 3434 περιρραινόμενον
673 3349 708 3418 τῦ
730 3351 768 3416 dd
788 3349 955 3436 προῦκειτο
989 3349 1026 3417 έν
1047 3347 1166 3437 ἀγγείῳ
1188 3373 1288 3432 κερα-

245 3472 320 3555 μέῳ,
343 3467 379 3547 d}
399 3469 499 3553 ἄλλης
522 3470 625 3546 ολκλας
646 3466 883 3554 κεκομισμένον·
906 3466 941 3535 τῦ
964 3468 1001 3533 dd
1027 3469 1184 3552 ὄστρακον
1207 3467 1288 3532 έκα-

246 3587 330 3652 λεϊτο
346 3585 515 3668 α’ρδάνιον·
539 3589 617 3668 quod
631 3605 667 3650 eo
683 3586 891 3666 irrigabantur.
926 3587 1183 3650 Commemoratur
1208 3589 1288 3648 idem

244 3702 359 3780 ῦῦατος
380 3704 538 3788 ὄστρακον
559 3706 622 3789 πρὸ
644 3709 699 3790 τῆς
720 3707 828 3790 {tripes
851 3701 1144 3786 indr.Eeei.1033,
1168 3710 1199 3766 et
1214 3706 1279 3766 Eur

245 3823 311 3886 bie.
333 3819 386 3884 99.
428 3824 541 3884 Verum
562 3829 597 3885 ut
619 3825 648 3884 in
671 3825 759 3886 domo
782 3826 862 3886 iuius
884 3827 983 3888 omnia
1006 3827 1119 3886 moesta
1141 3829 1173 3885 et
1195 3823 1289 3886 tracta

245 3944 342 4014 erant,
365 3943 404 4002 ita
427 3945 496 4002 aute
518 3939 597 4002 iores
619 3959 698 4021 sepe
720 3960 778 4002 uon
802 3943 951 4020 integrum
973 3959 1025 4004 vas
1048 3940 1223 4020 ponebatur,
1235 3943 1289 4002 sed

244 4059 389 4136 tractum,
422 4059 510 4120 modo
544 4063 625 4118 tanta
655 4077 722 4138 pars
757 4063 870 4137 integra
905 4065 1045 4133 restaret,
1080 4077 1146 4136 quae
1180 4077 1291 4138 aquarn
