2906 4716
755 227 798 292 76

256 435 409 498 Ptolemai
430 453 478 515 ap.
497 433 567 496 Alb.
582 432 620 516 V,
635 428 706 516 198,
718 435 747 512 d,
770 435 822 496 scd
845 436 964 496 uomina
987 441 1119 516 tantum3
1141 437 1180 496 dc
1201 433 1295 497 torma

258 555 330 616 nibil
347 555 484 617 traditur.
528 552 573 614 Ac
585 556 683 614 tamen
696 551 827 614 Panolka
840 557 925 632 putat
935 572 980 628 se,
997 553 1144 614 Thericlcl
1156 558 1187 615 et
1197 554 1294 615 Laco·

259 675 317 734 nioi
340 677 471 734 crateres
493 655 597 751 quales
619 672 696 750 sint,
728 672 861 733 divinare
883 689 989 752 possa,
1022 689 1049 734 v.
1072 673 1166 735 Reeh.
1188 672 1214 748 1,
1238 667 1295 752 173

258 791 324 869 vll,
348 785 399 853 18.

255 971 256 975 ,
314 967 317 974 ,
342 909 376 970 ln
395 911 529 992 crateris,
551 911 662 989 quippe
678 927 745 988 quae
766 913 798 972 et
818 909 849 969 in
872 908 970 969 medio
989 909 1125 969 convivio
1147 927 1296 988 propone·

259 1031 362 1090 rentur
384 1032 414 1088 ct
432 1029 634 1106 magnitudine
646 1029 777 1106 insignes
793 1031 904 1106 essent,
927 1030 1044 1088 mature
1054 1044 1087 1087 sc
1098 1031 1297 1088 exercuerunt
1358 1083 1365 1088 .

258 1147 405 1208 artificum
427 1149 555 1225 ingenia.
599 1145 767 1221 Theodori,
800 1149 834 1205 ut
856 1144 1026 1224 putabatur,
1050 1163 1151 1223 opera,
1173 1163 1296 1206 aureum

258 1271 288 1326 ot
321 1271 497 1344 argenteum
530 1264 653 1343 Delphis
685 1263 831 1324 dedicavit
860 1261 990 1324 'Croesus
1029 1262 1154 1335 (Herod.
1181 1262 1207 1340 1,
1228 1257 1296 1340 51),

259 1371 461 1462 neque'Samii
484 1400 542 1443 non
565 1400 662 1462 opera
683 1383 812 1460 pretium
833 1379 1012 1458 habuerunt,
1035 1375 1181 1442 crateram
1192 1399 1297 1460 rapere

259 1500 373 1562 Croeso
396 1503 515 1562 missam
536 1519 554 1562 a
574 1499 807 1562 Lacedaemoniis
829 1499 915 1572 (ibid.
935 1495 1001 1572 70).
1045 1500 1120 1561 Aliae
1142 1499 1244 1562 multae
1266 1501 1297 1561 in

260 1620 390 1682 Deorum
423 1619 541 1698 templis
567 1619 711 1680 dedicate
743 1623 773 1680 et
801 1637 819 1680 a
849 1617 1045 1695 scriptoribus
1077 1624 1109 1680 ct
1140 1619 1170 1679 in
1201 1617 1298 1679 titulis

258 1742 537 1800 commemorantur.
590 1737 716 1800 Octavio
742 1741 840 1798 autem
868 1737 961 1813 equiti
989 1735 1124 1796 Romano
1151 1740 1298 1797 crateram

259 1855 357 1917 lacere
379 1856 491 1918 volenti
511 1857 661 1918 Arcesilas
672 1854 823 1934 exemplar
844 1873 861 1914 e
883 1871 974 1933 gypso
986 1837 1056 1915 lecit
1067 1855 1179 1916 talento
1202 1853 1298 1932 (Plin.

259 1973 296 2036 Η.
319 1973 355 2035 N.
381 1973 512 2052 XXXV,
525 1967 710 2052 ,unium
739 1991 919 2052 quamquam
941 1973 1005 2032 haec
1027 1974 1126 2052 polius
1153 1972 1190 2034 ad
1213 1989 1299 2052 aque

260 2109 346 2152 nsum
374 2093 404 2152 in
432 2090 514 2152 ionic
535 2092 653 2152 videtur
684 2091 849 2171 destinata,
882 2095 915 2152 ut
941 2091 1030 2153 Plinii
1059 2091 1108 2153 illa
1136 2092 1166 2152 in
1199 2090 1298 2153 Tusco

260 2209 333 2289 (Ep.
358 2209 395 2289 V,
416 2206 449 2292 6,
471 2203 543 2286 ⁶23).
585 2209 718 2288 lugentis
739 2228 819 2289 saepe
841 2211 1054 2288 magnitudinis
1072 2215 1168 2286 crant,
1193 2213 1228 2270 ut
1241 2209 1300 2272 illa

260 2345 308 2406 ap.
330 2327 515 2390 Herodotum
537 2327 580 2409 (Ι,
601 2324 660 2410 51;
687 2327 739 2410 lv,
760 2322 833 2406 81),
855 2347 921 2408 quac
943 2327 995 2390 DC
1016 2327 1173 2408 amphoras
1195 2329 1300 2407 capie-

260 2447 339 2511 bant.
382 2446 587 2509 Pervenerunt
615 2449 704 2508 ctiam
733 2447 769 2508 ad
797 2465 852 2508 uos
881 2449 999 2526 egregia
1028 2447 1141 2524 aliquot
1162 2446 1300 2525 exempla

260 2583 297 2626 ex
318 2583 476 2646 marmore,
499 2571 533 2628 ut
554 2567 604 2628 illa
626 2585 643 2628 e
665 2565 733 2626 villa
750 2559 1299 2645 Hadriano.ballaenarum,

260 2678 293 2759 2,
306 2678 354 2757 1).
398 2678 819 2764 Ci.ZodgaBassiril.1l,71;
843 2682 938 2744 ldillin
960 2683 1041 2744 Mon.
1065 2683 1088 2764 Ι,
1110 2679 1163 2760 31,
1187 2677 1299 2762 pilea

260 2802 369 2862 Aenea
391 2807 513 2862 craterae
535 2821 572 2862 ex
594 2801 743 2879 Pompeiis
765 2820 792 2864 v.
813 2801 904 2865 Herc.
924 2807 956 2863 et
978 2791 1083 2882 Ponip.
1095 2800 1146 2878 vl,
1167 2797 1221 2879 64,
1243 2797 1299 2880 66,

259 2915 313 2999 74,
335 2915 388 2998 75,
412 2915 466 2993 72,
487 2913 540 2982 84.
583 2917 704 2980 Fictiles
725 2919 894 3000 permultae,
924 2921 962 2980 de
983 2920 1093 2998 quibus
1114 2923 1192 2997 post.
1236 2918 1300 2980 Neo

260 3038 359 3098 minus
380 3055 459 3118 saepe
482 3038 673 3098 inveniuntur
693 3037 740 3099 rel
762 3039 792 3098 in
805 3057 952 3099 marmore
963 3038 1087 3117 sculptae
1098 3037 1144 3098 vel
1166 3039 1196 3097 in
1215 3039 1299 3116 pari·

260 3156 359 3217 atibus
381 3160 412 3218 ot
432 3157 560 3219 vasculis
592 3159 697 3236 picta,
735 3161 795 3218 tam
819 3157 856 3218 ad
878 3158 1081 3218 conviviorum
1104 3171 1190 3217 usum
1212 3155 1300 3216 adbi-

260 3274 392 3336 bitaeaut
405 3277 435 3336 in
447 3273 600 3338 Bacchidis
620 3277 734 3355 pompis
755 3279 887 3355 gestata,
909 3292 999 3354 quam
1017 3275 1182 3336 ornamenti
1205 3291 1296 3336 nausa

262 3395 290 3452 in
314 3393 459 3456 columnis
482 3394 586 3456 aliisve
607 3394 680 3454 locis
702 3394 815 3474 posita.

529 3593 559 3658 2.
606 3593 757 3680 Ψυκτήρ
779 3597 842 3656 sive
865 3597 1032 3678 ψυγεύς,

261 3753 293 3810 ut
315 3765 422 3808 nomen
445 3725 543 3828 ips‘unr
566 3747 686 3824 indicat,
709 3751 755 3809 est
773 3765 825 3809 vas
843 3751 872 3808 in
890 3765 950 3827 qno
972 3749 1073 3808 vinum
1095 3746 1298 3824 refrigeratur.

261 3864 403 3926 Biboba'nt
432 3869 545 3944 antiqui
579 3869 679 3929 vinum
712 3875 764 3930 aut
796 3867 923 3929 calidum
950 3872 1002 3929 aut
1034 3865 1234 3944 lrigidum*);
1268 3865 1297 3922 iu

260 4034 558 4046 ----

279 4119 306 4184 ³²)
325 4133 348 4172 v.
368 4120 469 4170 Becker.
490 4119 596 4170 Cbarlcl.
617 4121 636 4182 Ι,
655 4133 679 4180 p.
697 4117 748 4167 459
765 4131 804 4180 sq.
841 4119 959 4183 Gallu,
979 4132 1003 4180 p.
1025 4117 1073 4166 170
1090 4129 1128 4178 sq.
