2906 4716
631 269 674 334 79

132 494 181 554 ap.
205 475 276 538 nih.
301 473 353 554 ill,
376 469 455 558 142,
477 475 507 536 d.
550 476 593 538 sic
615 477 823 556 descripsisset
845 474 1014 540 Cleomenis
1036 497 1175 542 coenam:

135 592 192 658 ίπί
213 615 246 657 τε
267 595 312 681 τῷ
332 591 459 676 τρίποδι
470 593 595 678 ψυκτήρ
603 593 741 676 χαλκοῦς
762 592 905 660 ἐπέκειτο
927 600 983 660 καὶ
1003 596 1101 674 κάδος
1122 603 1177 662 καὶ

133 711 277 797 σκάφιον
298 707 457 796 ἀργυροῦν
479 711 536 778 δύο
558 711 692 789 κοτύλας
710 715 833 796 χωροῦν
852 718 908 778 καὶ
927 714 1066 792 κύαθος,
1099 712 1119 801 ἡ
1143 713 1176 780 d'

135 827 276 912 ἐπίχυσις
296 828 410 914 χαλκῆ,
434 829 612 892 Plutarchus
635 833 664 892 in
688 830 798 894 Cleom.
822 827 962 912 (ρ.1486
978 833 1098 914 Steph.)
1120 853 1176 897 suo

134 955 270 1027 tempore
292 949 409 1010 notiora
430 967 543 1027 ponens
565 969 623 1010 non
646 967 739 1029 pauca
762 956 872 1013 mutat:
906 949 1104 1043 ἐπαρθείσης
1125 955 1177 1037 τῆς

134 1066 293 1150 τραπέζης
311 1066 518 1149 εἰσεκομίζετο
530 1070 665 1148 τρίπους,
688 1071 828 1152 κρατῆρα
838 1067 979 1149 χαλκοῦν
993 1067 1073 1152 ἔχων
1089 1073 1177 1136 οἴνου

133 1182 252 1269 μεστὸν
273 1188 328 1250 καὶ
348 1185 472 1268 φιάλας
494 1181 634 1268 άργνράς
655 1183 822 1261 δικοτάλας
844 1184 912 1252 δύο.

220 1303 378 1366 Mirifieam
400 1303 603 1380 celebritatem
624 1310 780 1366 assecutus
802 1310 851 1366 est
880 1311 1017 1387 psycter,
1051 1313 1085 1368 ut
1108 1306 1176 1368 Pol·

136 1422 189 1484 lux
210 1439 280 1484 eum
306 1419 571 1504 πολοθριίλλητον
593 1423 689 1501 dicat,
723 1421 854 1484 Platonis
883 1425 948 1486 loco
977 1427 1005 1486 in
1034 1425 1175 1488 Convivia

136 1559 166 1618 p.
187 1535 262 1618 214,
283 1540 326 1619 Α,
359 1540 409 1602 ubi
441 1539 609 1604 Alcibiades
642 1544 802 1604 marimum
836 1547 973 1622 psyctera
1007 1546 1114 1623 arripit
1145 1549 1176 1606 et

136 1662 258 1736 epotum
280 1655 518 1728 Socratitra'dit.
562 1658 690 1720 Notatur
713 1661 818 1722 similis
841 1662 1069 1740 intemperantia
1089 1663 1118 1723 iu
1141 1661 1176 1724 ir.

136 1774 292 1838 Menandri
314 1793 404 1855 supra
426 1777 557 1856 laudato,
579 1781 609 1840 et
632 1779 662 1838 in
684 1778 816 1838 Alexidis
838 1796 884 1857 ap.
899 1779 969 1840 Ath.
992 1778 1034 1857 X,
1055 1774 1130 1858 431,
1149 1778 1174 1841 i:

137 1892 271 1977 λουτρόν
292 1892 384 1970 ἐστιν,
407 1887 445 1960 οὐ
465 1894 578 1972 πότος,
601 1895 736 1978 ψυκτῆρι
757 1898 865 1960 πίνειν
886 1899 941 1959 καὶ
962 1893 1082 1972 κάδοις,
1104 1894 1176 1960 θά-ὶ

138 2035 234 2088 νατος
261 2017 322 2095 μὲν
350 2007 416 2078 οὖν.
475 2014 520 2074 Ex
549 2013 669 2074 talibus·
692 2013 765 2074 locis
798 2033 855 2076 non
890 2015 1003 2094 miror,
1037 2016 1176 2094 antiquos

139 2132 347 2210 grammaticos
360 2130 505 2211 eilecisse,
529 2141 664 2211 psyctera
684 2149 749 2192 esse
770 2133 918 2213 poculum,
939 2133 991 2194 sed
1014 2135 1117 2213 miror,
1141 2153 1176 2194 ne

137 2249 333 2310 Lelronnium
356 2250 476 2329 quidem
499 2267 566 2310 eum
589 2269 719 2312 errorem
742 2252 855 2312 cavisse
874 2251 999 2329 Ephem.
1012 2252 1061 2314 Er.
1083 2247 1176 2330 1833,

139 2387 168 2447 p.
190 2363 270 2430 613:
294 2365 349 2427 “le
371 2375 433 2428 mot
455 2372 575 2448 psycter
598 2369 743 2446 designait
765 2369 846 2428 aussi
869 2385 907 2428 un
930 2386 999 2428 vase
1020 2369 1037 2428 b
1060 2370 1176 2450 boire’l,

138 2505 231 2564 quum
253 2487 311 2566 ipsi
333 2486 389 2548 loci
413 2487 632 2566 demonstrent,
667 2487 737 2563 quia
760 2485 863 2562 pocula
888 2503 946 2544 non
977 2488 1050 2546 satis
1072 2505 1176 2563 inagna

137 2607 324 2680 visaessent,
348 2606 443 2666 maius
466 2622 516 2666 vas
539 2607 778 2682 essearreptum.
823 2600 896 2662 Nam
910 2601 964 2662 tuit
979 2620 1050 2663 sane
1064 2605 1177 2680 magni·

138 2723 213 2784 tudo
234 2725 379 2801 psycteris
402 2741 459 2782 non
483 2723 605 2801 exigua3
637 2721 800 2783 Alcibiadis
829 2721 879 2782 illc
904 2725 971 2782 octo
993 2721 1059 2800 plus
1081 2723 1178 2784 hemi·

139 2858 194 2902 nas
216 2840 366 2920 capiebat3
388 2837 566 2922 τρικότυλος
587 2843 633 2900 est
653 2839 796 2926 Alemap.
810 2839 881 2903 Aah.
895 2835 975 2918 5023
998 2859 1177 2918 quamquam

139 2959 221 3019 idem
243 2975 347 3020 vanam
364 2960 593 3020 ostentationem
616 2959 755 3037 pauperis
777 2957 906 3018 hominis
928 2957 1028 3019 ridens
1051 2977 1178 3020 comme·

139 3081 238 3137 morat
265 3082 438 3154 argenteum
464 3074 672 3159 ψυκτηρίδιον
700 3076 830 3154 pondere
858 3067 983 3135 duorum
1012 3075 1178 3154 obolorum,

139 3193 213 3254 ibid.
236 3192 256 3256 1.
280 3193 420 3271 (Rectius
442 3194 568 3254 tortasse
590 3193 731 3255 scribitur
753 3187 817 3256 δέκ’
839 3185 971 3272 ὄβόλους
985 3187 1178 3270 visuum).

139 3311 300 3391 Nunquam
322 3313 379 3374 nisi
402 3313 487 3373 aenei
509 3317 540 3372 et
561 3313 693 3388 argentei
714 3313 1156 3390 psycterescommemorantur.

226 3429 256 3490 Si
276 3429 399 3492 formam
419 3431 565 3509 psycteris
585 3431 763 3508 querimus,
786 3429 915 3506 primum
938 3431 1075 3488 accurata
1098 3432 1179 3488 extat

139 3548 303 3627 descriptio
328 3549 405 3628 apud
434 3547 528 3608 schol.
551 3544 712 3609 Clementis
735 3546 754 3609 Ι.
777 3546 808 3622 i,
840 3561 929 3623 quem
951 3543 1096 3606 Mulieres
1128 3563 1178 3604 se-

141 3666 246 3744 quitur
273 3668 302 3726 iu
331 3665 421 3726 Arch.
445 3661 527 3742 209,
550 3664 576 3744 i,
610 3665 688 3744 quod
722 3666 813 3726 miror
846 3681 933 3741 sane,
967 3681 1034 3722 narn
1062 3663 1179 3724 videtur

141 3781 276 3861 proiecto
300 3785 356 3844 iste
378 3783 484 3861 bomo,
517 3784 597 3844 inani
619 3800 652 3843 se
675 3784 787 3842 iactans
809 3782 1023 3859 ostentatione,
1060 3799 1180 3842 narrare

140 3919 177 3961 ea
199 3919 265 3980 quar
289 3919 346 3960 uon
369 3903 499 3979 scierit3,
520 3900 625 3962 saltem
647 3899 814 3960 scholiasta
837 3897 1009 3977 Clementia,
1040 3899 1090 3960 ubi
1113 3918 1179 3960 curn

141 4017 264 4082 Polluce
286 4026 410 4098 pugnat,
434 4017 513 4078 nulla
537 4021 583 4078 est
605 4019 777 4082 auctoritas.
823 4015 956 4100 ίίίυκιηρ,
987 4019 1093 4096 inquit,
1124 4039 1180 4080 κυ-

141 4135 306 4220 λινδρικοῦ
337 4135 494 4220 σχήματος
526 4133 760 4217 κατατομηίῦ,
794 4133 945 4198 κάτωθεν
978 4131 1093 4199 κιονίιίι
1128 4131 1181 4197 ἐπὶ
