2902 4704
745 273 912 339 144⁵

341 478 373 540 Si
394 480 524 558 speciem
547 478 636 541 buius
657 479 758 541 culicis
780 483 958 561 querimus,
990 481 1155 558 audiemus,
1167 483 1298 561 primurn

252 601 375 676 ’ροείιω
397 598 502 660 mediae
523 598 684 692 comoedis
705 617 754 677 ep.
776 599 847 662 Alb.
868 593 943 677 471,
964 615 998 661 s:

335 712 370 780 Ὠ
391 726 472 796 γαΐα
492 719 615 800 κεραμί,
637 719 683 792 τίς
704 735 740 780 σε
762 717 919 817 Θηρικλῆς
939 740 1018 784 ποτε

222 883 238 894 .
339 831 441 914 ἔτευξε
462 835 569 918 κοίλης
590 833 729 916 λαγόνος
750 831 881 918 εὐρύνας
901 836 1022 920 βάθος.
1146 869 1151 880 ’

257 952 334 1032 Qun
354 954 626 1034 uberiuslexplicst
646 953 808 1016 Atheniens
832 957 895 1034 ipse
915 951 990 1034 470,
1013 968 1047 1016 e:
1070 949 1090 1040 ἦ
1111 955 1200 1035 κύλιξ
1216 954 1296 1038 αὕτη

256 1070 436 1154 ἐγκάθηται
457 1076 531 1156 περὶ
552 1069 609 1148 τὰς
630 1071 775 1154 λαγόνας
802 1070 919 1150 ἱκανῶς
939 1077 1161 1160 βαθυνομένη·
1193 1077 1295 1140 addit:

254 1186 321 1256 ὦτα
343 1187 374 1254 δ’
394 1189 458 1274 ἔχει
479 1193 611 1274 βραχέα,
633 1185 676 1268 οἷς
697 1191 742 1255 α”ν
760 1191 847 1272 κύλιξ
865 1187 955 1267 οὖσα.
998 1193 1132 1256 [lumbus
1148 1193 1292 1273 (λαγών)

255 1317 289 1372 ut
310 1311 381 1372 olibi
403 1315 506 1371 venter
528 1309 683 1394 (γοὲστρα)
710 1312 821 1372 dicitur
854 1313 911 1372 ime
945 1313 1022 1373 vasis
1059 1330 1200 1388 caverna,
1234 1332 1294 1392 qus

255 1429 394 1510 dilatate,
427 1434 462 1491 ut
484 1428 622 1508 poculum
655 1429 722 1507 plus
751 1436 881 1508 cuperet,
915 1431 1020 1492 ellectu
1052 1435 1098 1492 est
1129 1432 1295 1492 similitudo

255 1549 390 1628 quodem
412 1566 480 1610 cum
502 1547 663 1610 carchesiis
686 1548 716 1608 in
739 1550 837 1610 medio
859 1551 1049 1631 compressis,
1072 1549 1222 1610 stridens
1244 1569 1294 1630 sp.

255 1667 325 1730 Ath.
344 1661 419 1746 471,
435 1666 454 1728 l.
488 1668 664 1746 simpliciter
687 1667 843 1730 docuerat:
871 1667 1061 1752 Θηρίκλειον
1087 1685 1152 1728 esse
1175 1667 1296 1752 καρχή-

254 1802 333 1862 σιον,
365 1787 418 1846 sed
449 1791 532 1846 recte
553 1789 655 1846 monet
676 1785 849 1868 Atheniens,
873 1791 1019 1848 interesse
1046 1786 1176 1864 aliquid,
1200 1787 1293 1864 idque

254 1905 360 1984 probet
394 1905 483 1966 allato
512 1903 647 1966 Callinini
684 1904 766 1968 loco:
804 1901 894 1982 τινὰς
925 1903 1056 1987 ἔχοντας
1089 1905 1295 1986 Θηρικλείους

254 2021 440 2106 πομπεύειν,
463 2017 532 2097 τοὺς
555 2020 777 2106 δὲκαρχήσια.
828 2023 893 2086 Νοο
925 2026 991 2084 sine
1012 2024 1076 2082 veri
1098 2021 1295 2082 similitudine

255 2141 385 2202 Pnnolls
399 2140 466 2219 (lv,
479 2137 520 2200 34
532 2173 573 2184 -
586 2159 765 2219 quemquam
787 2143 893 2204 eodem
915 2143 1043 2222 pertinet
1064 2159 1094 2201 n.
1104 2135 1163 2214 33)
1175 2139 1205 2202 et
1215 2139 1293 2200 Ger·

253 2258 364 2322 bs'rdus
387 2260 478 2339 [lton.
497 2259 581 2322 Volo.
593 2253 651 2332 40)
665 2258 831 2322 Thericlios
843 2262 950 2323 calices
962 2255 1132 2320 exhibuisse
1144 2259 1292 2320 ridentur.

254 2378 360 2440 Utrum
383 2379 452 2439 talia
479 2379 658 2458 spectaverit
679 2394 773 2438 necne
801 2379 895 2443 schol.
926 2378 1087 2440 Clementis
1112 2376 1228 2454 Paedsg.
1252 2376 1294 2456 ll,

252 2492 284 2576 3,
300 2498 460 2558 decernere
476 2515 534 2557 non
551 2499 659 2558 susim.
697 2496 897 2580 Θηρίκλειον,
913 2499 1020 2576 inquit,
1037 2492 1071 2560 ed
1087 2492 1295 2578 σφαιροειδὲς

253 2617 296 2703 τῷ
316 2618 461 2698 πυθμένι
483 2610 518 2680 τύ
539 2611 741 2695 ἐπικείμενον
768 2613 842 2698 ἔχον
859 2614 1041 2698 χωνοειδές,
1068 2610 1125 2698 ἀφ’
1146 2607 1184 2680 οὗ
1204 2623 1295 2678 πιεῖν

252 2730 337 2796 ἐστιν
358 2728 495 2808 εὐπετές.
548 2732 703 2795 λεοιίίιειο
736 2737 827 2796 etism
858 2753 895 2796 ex
917 2734 987 2797 Alb.
1012 2727 1087 2812 471,
1110 2735 1139 2796 d.
1183 2731 1294 2792 Eubuli

252 2851 367 2912 locum:

647 2968 735 3051 Ἄρτι
756 2973 817 3052 μὲν
836 2967 913 3052 μάλ’
934 2964 1089 3053 α’νδρικὴν

339 3091 402 3152 τοῖν
425 3085 632 3170 Θηρικλείων,
653 3082 940 3172 ύπεραιγρίζουσαν,
963 3111 1073 3170 παροι-

281 3203 291 3208 *
337 3207 590 3288 endurcixsroov,
614 3208 992 3292 ψηφοπεριβομβήτριαν,

325 3318 504 3408 μέλαιναν,
527 3319 727 3398 εὐκύκλωτον,
750 3321 966 3403 ὅξυπύνδακοι,

336 3443 536 3526 στίλβουσαν,
559 3431 790 3524 α’νταύγοῦσαν,
812 3441 1048 3526 ἐκνενιμμένην,

336 3563 434 3648 κισσῷ
453 3560 538 3644 κάρα
559 3560 727 3643 βρύουσαν,
751 3559 1001 3644 ἐπικαλούμενος

336 3678 443 3743 είλκον
462 3676 540 3755 Διὸς
560 3680 719 3763 Σωτῆρος.

251 3797 284 3857 ln
308 3815 367 3873 qno
389 3797 553 3875 fragmento
575 3798 660 3876 plnrn
683 3804 763 3877 sunt,
787 3816 854 3877 queo
876 3815 935 3858 non
960 3797 1102 3873 intelligo.
1152 3794 1294 3858 Meiueke

252 3917 281 3974 in
305 3914 491 3989 Fragmeulis
513 3913 700 3979 Comicorunr
723 3915 776 3995 ill,
795 3935 824 3992 p.
838 3911 899 3975 231
916 3915 1020 3976 scribit
1036 3911 1294 3994 κωβωνύχειλον,

252 4049 431 4110 quamquem
453 4049 519 4108 qum
545 4033 635 4114 χείλη
668 4035 729 4093 sint
762 4035 868 4112 nescit,
892 4031 1046 4116 ἄμβωνας
1078 4047 1146 4092 esse
1178 4031 1295 4092 dicens.

251 4148 420 4209 Monstrum
442 4165 512 4209 vero
534 4153 591 4227 est,
615 4150 694 4226 quod
716 4151 795 4210 idem
818 4151 853 4212 V.
879 4152 912 4215 b.
948 4169 1018 4212 voce
1041 4150 1295 4233 ψηφοπεριβομ-
