2906 4716
770 192 815 260 58

266 397 343 464 'tinia
363 399 535 462 animalium
555 396 704 478 capitibus
724 401 778 460 aut
798 399 945 474 protensis
967 397 1133 468 (Phiioxen.
1155 401 1176 464 Ι.
1188 400 1228 478 Ι.)
1252 403 1329 463 inrie

276 519 464 580 emitteretur
485 516 594 595 liquor.
638 513 733 576 Nemo
757 515 922 598 mirabitur,
945 536 1015 580 rasa
1037 519 1102 595 ipsa
1122 517 1231 580 irarum
1253 521 1328 582 aui-

276 635 398 696 matium
423 633 592 694 nominibus
613 651 681 694 esse
703 633 861 712 appellata.
905 632 1100 714 cryptam)
1122 640 1154 696 et
1174 653 1330 714 pegasum

276 769 367 832 supra
389 751 515 814 vidimus
537 753 567 810 in
590 748 880 832 inAstydanrantis3
902 752 1079 830 elephantos
1100 752 1191 816 habet
1204 753 1324 832 Epige-

277 887 330 932 nes
353 865 450 946 (497,
479 875 528 949 a),
560 867 749 946 tragelaphos
770 886 890 947 quaqua
908 868 998 942 (nith.
1019 865 1100 949 50⁰,
1129 885 1162 946 ος
1188 865 1273 948 497,
1296 868 1321 930 i.

275 986 405 1048 Boeckh.
428 983 462 1049 C.
484 985 509 1048 1.
533 1003 562 1049 n.
584 980 656 1062 150,
679 980 778 1062 aar)
800 986 861 1047 huc
883 986 1054 1049 referendos
1075 986 1211 1055 arbitror
1225 1005 1319 1065 prop-

277 1111 323 1166 ter
345 1105 434 1167 Herc.
457 1109 488 1166 et
509 1102 613 1180 Pomp.
639 1102 683 1178 V,
707 1097 781 1182 101,
804 1121 984 1183 quamquam
1007 1123 1065 1166 uua
1086 1105 1199 1165 diserte
1221 1105 1321 1164 tradi·

276 1229 342 1304 tur,
365 1228 466 1284 utrum
486 1239 540 1299 per
562 1237 597 1282 as
617 1220 720 1282 bestia
741 1220 892 1284 effluxerit
914 1222 1022 1300 tinunr,
1045 1239 1083 1284 an
1106 1239 1144 1282 ex
1163 1221 1223 1282 lato
1236 1223 1318 1282 asna

276 1341 421 1418 oppositu
452 1340 545 1418 partis
578 1338 718 1401 biberint.
763 1337 838 1399 Nam
861 1339 1063 1400 delectabatur
1083 1338 1208 1400 mirifice
1229 1337 1316 1400 Gra-

189 1431 196 1448 ·
273 1475 377 1518 corum
420 1458 572 1534 ingenium
611 1456 727 1535 poculis
762 1457 934 1518 animalium
975 1458 1072 1535 capita
1111 1456 1316 1535 imitantibua3

275 1593 331 1636 nec
364 1593 458 1654 pauca
486 1574 686 1654 pulcherrima
715 1573 805 1636 huius
832 1577 952 1652 generis
980 1575 1018 1634 nd
1040 1592 1094 1634 nos
1116 1578 1318 1652 pervenerunt

275 1693 402 1754 marinna
424 1711 461 1752 cx
481 1692 605 1772 Apulia,
633 1710 699 1770 qua
722 1693 821 1752 omnia
843 1691 917 1753 falso
939 1691 1025 1770 rhyta
1047 1691 1196 1770 appellare
1216 1691 1317 1753 sotem

204 1846 206 1852 ·
279 1809 342 1872 VV.
362 1810 448 1889 DD.,
481 1810 563 1872 nulio
585 1811 706 1870 omnino
729 1811 900 1875 testimonio
924 1811 998 1888 nixi,
1032 1824 1123 1887 quum
1151 1813 1183 1870 et
1204 1823 1315 1870 nomen

277 1929 374 2004 ipsum
396 1931 427 1988 et
449 1929 562 2005 antiqui
585 1929 747 2006 scriptores
769 1946 828 1988 uno
850 1944 902 1987 ore
924 1927 1065 2005 doceant,
1088 1925 1166 2008 ῥοτοὶ
1188 1943 1255 1987 asse
1276 1943 1315 1988 ea

275 2059 356 2122 vasa,
389 2061 455 2121 quaa
477 2047 661 2120 exaugusto
684 2045 762 2105 nstin
784 2043 874 2104 fontis
896 2045 990 2105 instar
1013 2043 1144 2122 liquores
1165 2045 1314 2106 emittant.

215 2203 220 2218 ,
276 2159 388 2221 Verum
416 2161 489 2221 vidit
515 2159 660 2222 uurrerus
688 2163 718 2222 in
746 2160 893 2222 Archaeot.
924 2155 1042 2239 3299,
1075 2161 1106 2224 k.
1162 2159 1316 2240 Quoniam

274 2296 346 2340 varo
368 2281 460 2340 ceteri
482 2277 544 2340 iere
565 2296 667 2340 ornnes
689 2277 775 2340 iilum
797 2295 928 2340 errorem
946 2277 1118 2357 detendunt,
1138 2283 1315 2358 argumenta

274 2415 378 2460 eorum
399 2398 567 2459 accuratius
589 2398 800 2458 examinemus.

210 2593 212 2598 Ι
358 2513 520 2576 Kramerus
548 2500 662 2590 [Uener
682 2492 749 2594 'Scyl
771 2534 801 2577 u.
824 2514 917 2578 Herk.
940 2534 970 2596 p.
994 2507 1071 2590 128)
1093 2513 1218 2576 laudans
1239 2512 1316 2591 Epi-

276 2631 335 2691 nici
355 2648 460 2692 vcrsus
482 2651 529 2711 ap.
551 2631 619 2694 stu.
641 2627 716 2696 497.
738 2647 771 2694 a:

360 2749 497 2814 καὶτῶν
518 2747 617 2833 panae
638 2744 678 2812 τοὶ
698 2751 832 2830 μέγιστοι
853 2750 915 2813 τῶν
936 2747 1038 2814 ὄντων
1057 2753 1132 2832 τρία

317 2935 330 2946 ,
358 2867 466 2928 πίνειν
488 2863 593 2949 δεήσει
614 2864 749 2948 τήμερον
769 2861 853 2948 πρὸς
873 2865 1062 2950 κλεψύδραν
1093 2951 1098 2955 ,

319 2957 332 2982 ⁸
359 2981 609 3065 κρουνιζόμενον·
626 2975 803 3066 ἀμφότερα
825 2977 859 3046 δ’
880 2983 1075 3067 οἰωνίζομαι.

298 3214 325 3280 *)
343 3217 451 3268 Prorsus
469 3217 533 3268 mire
551 3219 703 3269 Letrnnnius
719 3217 746 3268 in
764 3218 901 3281 Ephemer.
919 3219 1082 3270 Eruditorum
1104 3215 1184 3281 1899,
1209 3231 1234 3280 p.
1252 3217 1315 3279 694,

342 3307 396 3350 not.
420 3299 438 3348 2
460 3303 561 3363 statuit,
587 3304 708 3365 gryphem
732 3303 831 3353 dictum
854 3315 914 3352 esse
934 3304 1036 3367 thytan,
1063 3317 1114 3352 nnn
1136 3303 1220 3352 satum
1244 3303 1315 3362 quad

342 3387 453 3450 gryphis,
482 3387 528 3434 sed
547 3386 622 3434 etiam
642 3388 710 3456 quon
729 3387 811 3437 ieonis
829 3392 905 3448 capnt
922 3389 1052 3450 praefixum
1070 3387 1182 3452 haberet,
1212 3390 1316 3448 propter

342 3469 444 3519 titutum
462 3469 576 3520 Atticum
595 3468 635 3535 (C.
654 3472 675 3520 l.
694 3485 719 3520 rr.
742 3469 789 3518 139
806 3484 829 3521 r.
850 3469 902 3536 ll),
921 3473 947 3522 in
965 3485 1016 3534 quc
1034 3472 1126 3532 iegitur
1142 3466 1229 3544 γρὺψ,
1247 3488 1315 3544 γρο-

342 3549 393 3608 πός
416 3555 591 3626 προτομή...
623 3549 717 3626 ynam,
747 3556 853 3610 λέοντος
869 3554 1000 3627 προτομή.
1044 3555 1159 3606 Primum
1187 3557 1231 3618 qui
1254 3557 1316 3620 suit,

340 3635 393 3686 trac
412 3651 469 3690 esse
486 3637 597 3701 accurre
620 3640 694 3700 quasi
710 3651 763 3689 nnn
781 3641 831 3689 atia
850 3642 926 3691 caiam
945 3641 971 3688 in
989 3639 1092 3701 templis
1108 3641 1224 3690 dedicata
1243 3640 1310 3702 sint3

327 3707 397 3769 'tum
416 3735 466 3771 nnn
484 3724 547 3772 satis
565 3724 740 3774 considerasse
758 3725 855 3775 videtur
872 3725 910 3779 uir
927 3723 1107 3786 doctissimus,
1134 3737 1164 3774 sa
1187 3737 1238 3774 nan
1257 3723 1316 3773 He-

341 3805 455 3862 sychtum
473 3808 557 3868 tegere
574 3807 676 3860 insolita
695 3809 769 3859 verna
787 3809 1005 3872 interpretantem,
1024 3807 1070 3857 sed
1088 3806 1191 3858 titutum
1210 3807 1316 3858 donaria

342 3889 429 3948 tempti
448 3897 647 3942 enumerantem.

409 3974 476 4022 Num
494 3971 558 4028 ὄνος
575 3987 616 4038 up.
634 3975 796 4038 Aristophan.
817 3976 896 4036 Vesp.
915 3973 967 4023 616
989 3975 1077 4060 rhyton
1101 3975 1193 4036 ttrerit,
1222 3977 1300 4026 decer

342 4066 401 4105 uera
419 4067 469 4104 non
489 4067 562 4116 queo.
658 4080 682 4124 ,-
