2902 4704
597 293 661 358 115

107 497 258 575 affirmet,
292 499 423 577 ignotam
451 516 518 560 csse
541 498 665 562 sormam
687 499 807 578 interii,
839 519 931 579 quum
962 499 1043 562 nulla
1065 500 1151 564 lacile

107 615 297 696 lrequenlior
318 619 358 678 sit
379 617 409 678 in
430 617 561 696 antiquis
582 620 791 679 monumentis.
835 619 1022 680 Andubitari
1040 625 1152 700 potest,

107 736 211 813 qualia
233 735 344 796 luerint
365 735 415 796 illa
437 753 507 798 rasa
529 753 587 795 nnn
609 735 767 814 protunda,
791 737 843 796 ned
865 737 974 816 ampla,
998 739 1058 798 alto
1079 738 1151 799 aub-

109 855 181 914 nira
215 854 306 933 pede,
338 872 426 932 quem
457 848 638 938 ὖποστάιην
659 855 763 917 dicunt
791 854 916 944 Pausan.
938 856 979 936 X,
1000 851 1054 936 26,
1074 855 1098 917 9
1119 860 1150 918 et

107 970 185 1032 Poll.
208 971 250 1051 X,
271 967 322 1034 46.
377 971 487 1033 Probat
509 973 612 1050 ingens
633 991 726 1052 prope
755 991 897 1034 numerus
923 976 1072 1052 pictorum
1100 991 1150 1035 va·

108 1107 232 1167 sorum,
271 1089 438 1170 exquibus
475 1090 534 1152 duo
564 1091 689 1169 insignia
718 1093 853 1171 exempla
876 1095 977 1172 posuit
999 1092 1148 1154 llcclrerue

107 1205 239 1270 Charicl.
261 1207 280 1269 l.
304 1207 323 1270 Ι.

355 1405 386 1471 2
428 1403 678 1494 ’Λσοίμινθος
699 1417 730 1474 et
751 1409 904 1488 πύελος.
995 1377 998 1382 ¹

199 1561 304 1641 Magna
326 1563 411 1643 eolla,
435 1565 464 1624 in
487 1581 553 1641 qun
575 1566 631 1626 toti
653 1565 872 1626 descendebant
893 1562 1094 1648 (ἐσέβαινον)
1107 1564 1150 1625 la-

110 1683 223 1754 vaturi,
248 1677 450 1764 ἀσαμίνθους
470 1681 543 1742 dicit
564 1682 723 1746 Homerus.
773 1684 867 1744 Erant
896 1683 942 1744 bae
964 1667 1150 1762 plerumque,

110 1805 145 1862 ut
179 1802 300 1879 opinor,
334 1799 456 1879 ligneae,
478 1795 617 1876 ἐΰξεστοι
650 1799 725 1873 (Od.
747 1799 776 1881 d,
799 1795 874 1880 48);
907 1803 959 1860 sed
993 1802 1076 1862 dives
1099 1799 1149 1859 illo

111 1919 271 1998 AEgyptiua
293 1923 449 1996 argenteos
470 1919 544 1980 duas
566 1919 644 1979 dono
666 1919 748 1980 dedit
769 1919 905 1980 Menelao
927 1911 1149 1995 (Od.d,128).

108 2037 200 2112 Quod
223 2039 252 2098 in
275 2037 432 2098 ridiculum
454 2054 585 2098 errorem
608 2037 723 2098 induxit
744 2036 857 2098 Polluo.
881 2031 1006 2112 v1‚97,
1039 2040 1073 2096 ut
1094 2053 1150 2114 po·

108 2155 178 2217 cula
200 2155 344 2229 crederet,
373 2173 501 2234 eumque
528 2155 715 2216 confirmavit
746 2157 836 2217 etiarn
869 2155 946 2216 mala
979 2154 1149 2216 intellectus

110 2271 225 2335 Cratini
248 2288 367 2336 versus:
402 2270 444 2351 ἔξῚ
463 2268 650 2356 ἀσαμίνθου
682 2273 807 2348 κύλικος
833 2272 958 2355 λείβων.
1013 2272 1067 2333 Est
1099 2272 1149 2334 hic

110 2409 216 2452 versus
238 2410 273 2452 ex
296 2389 492 2472 Chironibus‚
526 2409 592 2469 qua
624 2393 754 2469 ingentia
788 2395 938 2465 monstra,
971 2395 1059 2468 pocla
1092 2391 1145 2466 ait,

110 2511 226 2588 magnis
248 2510 338 2570 alveis
360 2527 414 2589 pro
436 2510 550 2589 poculis
573 2510 626 2570 uti.

200 2624 268 2705 Τὰς
290 2623 493 2711 α’σαμίνθους
520 2626 654 2702 πυέλους
687 2628 922 2705 interpretantur
954 2625 1149 2704 grammatici,

110 2747 194 2827 quod
216 2764 322 2808 nornen
344 2752 374 2808 et
396 2749 493 2826 ipsum
516 2750 562 2806 eat
583 2763 631 2825 ap.
653 2745 742 2808 llom.
764 2743 822 2808 Od.
844 2767 871 2824 r,
892 2739 977 2805 553:
997 2745 1149 2829 χῆνας-

110 2861 214 2948 πυρὰν
235 2862 462 2947 ἐρεπτομένους
482 2858 576 2946 παρὰ
597 2863 733 2939 πύελον,
766 2883 802 2924 ex
830 2881 890 2942 quo
919 2862 984 2925 loco
1006 2864 1083 2926 ellici
1105 2865 1152 2926 vi·

111 2985 212 3057 detur,
235 2984 364 3044 minores
392 2982 484 3043 luisse
515 2978 572 3057 coir
592 2981 734 3057 πυέλους.
756 3017 797 3028 -
820 2981 928 3043 Postea
960 2983 1048 3060 vulgo
1076 2983 1152 3044 dioi-

112 3109 164 3164 tur
188 3102 305 3177 πύελος
326 3102 363 3162 de
385 3101 460 3162 solio
482 3100 683 3181 balneatori03
706 3117 733 3160 v.
757 3099 831 3160 Poll.
853 3099 894 3176 X,
915 3093 975 3178 633
999 3099 1150 3164 Plutarch.

110 3221 202 3286 Alex.
216 3216 275 3303 203
288 3220 443 3300 Aristopb.
455 3218 559 3297 Equit.
583 3213 682 3298 10603
702 3216 770 3278 Pac.
785 3211 858 3278 843.
893 3215 1028 3277 Habebat
1039 3221 1151 3278 certam

111 3341 226 3417 sedern,
249 3357 266 3401 a
289 3357 347 3418 quo
376 3355 434 3400 non
464 3336 653 3415 movebatur,
686 3352 778 3413 quare
811 3334 920 3396 mulier
952 3335 1086 3413 quedam
1121 3337 1150 3395 in

110 3461 165 3521 Ar.
186 3458 307 3520 Tbeem.
336 3453 401 3516 nob
423 3455 480 3517 sub
502 3474 536 3517 eo
567 3453 782 3516 defoderat-
805 3456 838 3513 nt
870 3452 1004 3529 videtur,
1034 3457 1151 3531 partum

111 3576 312 3653 illegitimum.
354 3575 441 3656 Aque
459 3574 578 3635 sordida
599 3591 653 3651 per
672 3571 804 3632 toramen
817 3571 936 3648 aliquod
949 3569 1150 3649 emittebatur,

112 3713 168 3774 per
189 3695 268 3773 quod
292 3712 329 3754 ne
351 3693 482 3753 lubricus
504 3691 553 3752 ille
571 3689 724 3752 Philoclco
746 3687 877 3767 effugiat,
900 3688 1023 3749 ridicule
1045 3689 1153 3750 metuit

112 3812 194 3873 lilius
217 3814 247 3873 in
270 3811 361 3891 Veap.
389 3807 456 3874 141.
470 3810 566 3872 -ue
588 3809 731 3887 peculiari
755 3807 804 3868 illo
826 3824 945 3888 genere,
969 3807 1047 3885 quod
1070 3824 1151 3867 oom-

113 3936 260 3990 memorat
281 3929 459 4010 Lycophron
482 3947 529 4008 ap.
550 3928 622 3989 Atl.
645 3927 701 4005 111,
722 3921 798 4006 501,
821 3940 854 3988 e:
878 3919 945 3990 ἀπὸ
965 3926 1026 3991 τῶν
1042 3919 1153 4008 ‹ippot-

112 4046 181 4112 λων
201 4049 263 4115 τῶν
284 4045 320 4115 έν
341 4058 410 4122 ταῖς
431 4050 623 4127 γυναικείοις
644 4046 780 4118 πυέλοις,
813 4040 898 4108 ὅθεν
919 4053 984 4118 τοῖς
1004 4044 1154 4125 σκαφίοις

113 4161 255 4248 ciprinum,
279 4166 351 4227 nibil
375 4167 521 4226 norimus.

922 4275 951 4324 8*
