<?xml version="1.0" encoding="UTF-8"?>
<!DOCTYPE html PUBLIC "-//W3C//DTD XHTML 1.0 Transitional//EN"
    "http://www.w3.org/TR/xhtml1/DTD/xhtml1-transitional.dtd">
<html xmlns="http://www.w3.org/1999/xhtml" xml:lang="en" lang="en">
 <head>
  <title>
</title>
<meta http-equiv="Content-Type" content="text/html;charset=utf-8" />
  <meta name='ocr-system' content='tesseract 3.04.00' />
  <meta name='ocr-capabilities' content='ocr_page ocr_carea ocr_par ocr_line ocrx_word'/>
</head>
<body>
  <div class='ocr_page' id='page_1' title='image "./denominibusvaso00ussigoog_0110.png"; bbox 0 0 2902 4704; ppageno 0'>
   <div class='ocr_carea' id='block_1_1' title="bbox 614 256 678 322">
    <p class='ocr_par' dir='ltr' id='par_1_1' title="bbox 614 256 678 322">
     <span class='ocr_line' id='line_1_1' title="bbox 614 256 678 322; baseline 0.016 -1"><span class='ocrx_word' id='word_1_1' title='bbox 614 256 678 322; x_wconf 88' lang='grc'><strong>103</strong></span> 
     </span>
    </p>
   </div>
   <div class='ocr_carea' id='block_1_2' title="bbox 11 435 1165 565">
    <p class='ocr_par' dir='ltr' id='par_1_2' title="bbox 11 435 1165 565">
     <span class='ocr_line' id='line_1_2' title="bbox 11 435 1165 565; baseline 0.011 -43"><span class='ocrx_word' id='word_1_2' title='bbox 11 435 20 505; x_wconf 18' lang='lat'><strong>¹·</strong></span> <span class='ocrx_word' id='word_1_3' title='bbox 127 455 189 524; x_wconf 75' lang='grc' dir='ltr'><strong>εἴτ’</strong></span> <span class='ocrx_word' id='word_1_4' title='bbox 211 458 277 543; x_wconf 81' lang='grc' dir='ltr'><strong>ἄρα</strong></span> <span class='ocrx_word' id='word_1_5' title='bbox 291 459 409 526; x_wconf 77' lang='grc' dir='ltr'><strong><em>Νείλου</em></strong></span> <span class='ocrx_word' id='word_1_6' title='bbox 430 456 573 544; x_wconf 76' lang='grc' dir='ltr'><strong><em>προχοὰς</em></strong></span> <span class='ocrx_word' id='word_1_7' title='bbox 592 453 718 565; x_wconf 75' lang='grc' dir='ltr'><strong><em>όδοὶπον</em></strong></span> <span class='ocrx_word' id='word_1_8' title='bbox 735 467 884 544; x_wconf 75' lang='grc' dir='ltr'><strong><em>χρυσέαις</em></strong></span> <span class='ocrx_word' id='word_1_9' title='bbox 905 461 1063 548; x_wconf 70' lang='grc' dir='ltr'><strong><em>όρόιοσθι</em></strong></span> <span class='ocrx_word' id='word_1_10' title='bbox 1084 469 1165 552; x_wconf 85' lang='grc' dir='ltr'><strong><em>πρό-</em></strong></span> 
     </span>
    </p>
   </div>
   <div class='ocr_carea' id='block_1_3' title="bbox 11 574 1165 664">
    <p class='ocr_par' dir='ltr' id='par_1_3' title="bbox 11 574 1165 664">
     <span class='ocr_line' id='line_1_3' title="bbox 11 574 1165 664; baseline 0.005 -22"><span class='ocrx_word' id='word_1_11' title='bbox 11 659 12 664; x_wconf 14' lang='grc'><strong>,</strong></span> <span class='ocrx_word' id='word_1_12' title='bbox 122 593 242 660; x_wconf 87' lang='grc' dir='ltr'><strong><em>χουσιν.</em></strong></span> <span class='ocrx_word' id='word_1_13' title='bbox 266 577 451 660; x_wconf 74' lang='lat' dir='ltr'><strong>arroux,</strong></span> <span class='ocrx_word' id='word_1_14' title='bbox 469 574 522 642; x_wconf 89' lang='grc'><strong>46.</strong></span> <span class='ocrx_word' id='word_1_15' title='bbox 567 576 1165 663; x_wconf 70' lang='lat' dir='ltr'><strong>Xao&#39;vocarpdpovgestiuhnaxaudridis</strong></span> 
     </span>
    </p>
   </div>
   <div class='ocr_carea' id='block_1_4' title="bbox 102 691 1165 1143">
    <p class='ocr_par' dir='ltr' id='par_1_4' title="bbox 102 691 1165 1143">
     <span class='ocr_line' id='line_1_4' title="bbox 102 691 1165 792; baseline 0.009 -34"><span class='ocrx_word' id='word_1_16' title='bbox 102 715 173 792; x_wconf 75' lang='lat' dir='ltr'><strong>¹ap.</strong></span> <span class='ocrx_word' id='word_1_17' title='bbox 195 697 267 760; x_wconf 81' lang='lat' dir='ltr'><strong>hth.</strong></span> <span class='ocrx_word' id='word_1_18' title='bbox 298 696 351 777; x_wconf 87' lang='lat' dir='ltr'><strong>iV,</strong></span> <span class='ocrx_word' id='word_1_19' title='bbox 374 691 452 777; x_wconf 83' lang='lat'>131,</span> <span class='ocrx_word' id='word_1_20' title='bbox 486 715 513 760; x_wconf 88' lang='lat' dir='ltr'><strong>v.</strong></span> <span class='ocrx_word' id='word_1_21' title='bbox 535 691 588 760; x_wconf 73' lang='lat'><strong>96.</strong></span> <span class='ocrx_word' id='word_1_22' title='bbox 646 698 714 759; x_wconf 90' lang='lat' dir='ltr'><strong>Vini</strong></span> <span class='ocrx_word' id='word_1_23' title='bbox 743 716 794 760; x_wconf 87' lang='lat' dir='ltr'><strong>vas</strong></span> <span class='ocrx_word' id='word_1_24' title='bbox 821 704 868 762; x_wconf 84' lang='lat' dir='ltr'><strong>est</strong></span> <span class='ocrx_word' id='word_1_25' title='bbox 896 703 974 780; x_wconf 92' lang='lat' dir='ltr'><strong>apud</strong></span> <span class='ocrx_word' id='word_1_26' title='bbox 997 703 1084 768; x_wconf 85' lang='lat' dir='ltr'><strong>Hom.</strong></span> <span class='ocrx_word' id='word_1_27' title='bbox 1106 705 1165 768; x_wconf 91' lang='lat' dir='ltr'><strong>Od.</strong></span> 
     </span>
     <span class='ocr_line' id='line_1_5' title="bbox 126 809 1165 906; baseline 0.015 -33"><span class='ocrx_word' id='word_1_28' title='bbox 126 809 258 892; x_wconf 59' lang='lat'>‹53982</span> <span class='ocrx_word' id='word_1_29' title='bbox 283 811 302 882; x_wconf 86' lang='grc' dir='ltr'><strong><em>ό</em></strong></span> <span class='ocrx_word' id='word_1_30' title='bbox 324 811 357 879; x_wconf 84' lang='lat' dir='ltr'><strong>d&#39;</strong></span> <span class='ocrx_word' id='word_1_31' title='bbox 377 811 433 898; x_wconf 79' lang='grc' dir='ltr'><strong>ἄρ’</strong></span> <span class='ocrx_word' id='word_1_32' title='bbox 454 814 600 897; x_wconf 81' lang='grc' dir='ltr'><strong><em>ολνοχόον</em></strong></span> <span class='ocrx_word' id='word_1_33' title='bbox 620 813 704 898; x_wconf 79' lang='grc' dir='ltr'><strong>βόλι</strong></span> <span class='ocrx_word' id='word_1_34' title='bbox 724 826 816 899; x_wconf 77' lang='grc' dir='ltr'><strong><em>χείρα</em></strong></span> <span class='ocrx_word' id='word_1_35' title='bbox 838 815 1005 904; x_wconf 77' lang='grc' dir='ltr'><strong><em>δεξιτερήν,</em></strong></span> <span class='ocrx_word' id='word_1_36' title='bbox 1027 822 1165 906; x_wconf 82' lang='grc' dir='ltr'><strong><em>πρόχοος</em></strong></span> 
     </span>
     <span class='ocr_line' id='line_1_6' title="bbox 125 930 1165 1018; baseline 0.01 -23"><span class='ocrx_word' id='word_1_37' title='bbox 125 930 163 996; x_wconf 77' lang='grc' dir='ltr'><strong>δὲ</strong></span> <span class='ocrx_word' id='word_1_38' title='bbox 182 933 287 1016; x_wconf 72' lang='lat' dir='ltr'><strong>xoium</strong></span> <span class='ocrx_word' id='word_1_39' title='bbox 308 933 451 1018; x_wconf 75' lang='grc' dir='ltr'><strong>βόμβησε</strong></span> <span class='ocrx_word' id='word_1_40' title='bbox 472 935 629 998; x_wconf 82' lang='grc' dir='ltr'><strong><em>πεσοῦσα·</em></strong></span> <span class='ocrx_word' id='word_1_41' title='bbox 652 935 724 996; x_wconf 89' lang='lat' dir='ltr'><strong>item</strong></span> <span class='ocrx_word' id='word_1_42' title='bbox 746 936 776 995; x_wconf 93' lang='lat' dir='ltr'><strong>in</strong></span> <span class='ocrx_word' id='word_1_43' title='bbox 799 935 835 999; x_wconf 87' lang='lat' dir='ltr'><strong>ir.</strong></span> <span class='ocrx_word' id='word_1_44' title='bbox 846 937 1017 1000; x_wconf 81' lang='lat' dir='ltr'><strong>Antimaehi</strong></span> <span class='ocrx_word' id='word_1_45' title='bbox 1032 959 1079 1018; x_wconf 89' lang='lat' dir='ltr'><strong>ap.</strong></span> <span class='ocrx_word' id='word_1_46' title='bbox 1089 937 1165 1006; x_wconf 77' lang='lat' dir='ltr'><strong>‘mu</strong></span> 
     </span>
     <span class='ocr_line' id='line_1_7' title="bbox 126 1046 1164 1143; baseline 0.013 -31"><span class='ocrx_word' id='word_1_47' title='bbox 126 1050 182 1130; x_wconf 81' lang='grc'><strong>111,</strong></span> <span class='ocrx_word' id='word_1_48' title='bbox 202 1046 281 1130; x_wconf 67' lang='lat' dir='ltr'><strong>toti,</strong></span> <span class='ocrx_word' id='word_1_49' title='bbox 304 1052 334 1112; x_wconf 90' lang='lat' dir='ltr'><strong>h.</strong></span> <span class='ocrx_word' id='word_1_50' title='bbox 358 1057 389 1114; x_wconf 88' lang='lat' dir='ltr'><strong>et</strong></span> <span class='ocrx_word' id='word_1_51' title='bbox 412 1051 492 1114; x_wconf 89' lang='lat' dir='ltr'><strong>ionis</strong></span> <span class='ocrx_word' id='word_1_52' title='bbox 514 1052 583 1116; x_wconf 86' lang='lat' dir='ltr'><strong>ibid.</strong></span> <span class='ocrx_word' id='word_1_53' title='bbox 606 1047 680 1132; x_wconf 84' lang='grc'>496,</span> <span class='ocrx_word' id='word_1_54' title='bbox 702 1071 730 1132; x_wconf 84' lang='grc' dir='ltr'><strong>υ,</strong></span> <span class='ocrx_word' id='word_1_55' title='bbox 754 1055 806 1132; x_wconf 88' lang='lat' dir='ltr'><strong>qui</strong></span> <span class='ocrx_word' id='word_1_56' title='bbox 827 1055 917 1118; x_wconf 90' lang='lat' dir='ltr'><strong>habet</strong></span> <span class='ocrx_word' id='word_1_57' title='bbox 938 1055 1063 1120; x_wconf 80' lang='lat' dir='ltr'><strong>sormam</strong></span> <span class='ocrx_word' id='word_1_58' title='bbox 1084 1082 1164 1143; x_wconf 91' lang='grc' dir='ltr'><strong><em>προ-</em></strong></span> 
     </span>
    </p>
   </div>
   <div class='ocr_carea' id='block_1_5' title="bbox 11 1167 1163 1371">
    <p class='ocr_par' dir='ltr' id='par_1_5' title="bbox 11 1167 1163 1371">
     <span class='ocr_line' id='line_1_8' title="bbox 11 1167 1162 1252; baseline -0.004 -16"><span class='ocrx_word' id='word_1_59' title='bbox 11 1243 13 1248; x_wconf 55' lang='grc'>,</span> <span class='ocrx_word' id='word_1_60' title='bbox 123 1167 239 1252; x_wconf 82' lang='grc' dir='ltr'><strong><em>χόιην,</em></strong></span> <span class='ocrx_word' id='word_1_61' title='bbox 277 1171 356 1248; x_wconf 89' lang='lat' dir='ltr'><strong>quod</strong></span> <span class='ocrx_word' id='word_1_62' title='bbox 389 1173 464 1231; x_wconf 87' lang='lat' dir='ltr'><strong>mire</strong></span> <span class='ocrx_word' id='word_1_63' title='bbox 496 1171 654 1236; x_wconf 82' lang='lat' dir='ltr'><strong>admodum</strong></span> <span class='ocrx_word' id='word_1_64' title='bbox 687 1171 859 1234; x_wconf 83' lang='lat' dir='ltr'><strong>Simaristus</strong></span> <span class='ocrx_word' id='word_1_65' title='bbox 890 1178 1101 1252; x_wconf 74' lang='lat' dir='ltr'><strong>grammaticus</strong></span> <span class='ocrx_word' id='word_1_66' title='bbox 1133 1185 1162 1240; x_wconf 78' lang='lat' dir='ltr'><strong>er</strong></span> 
     </span>
     <span class='ocr_line' id='line_1_9' title="bbox 11 1277 1163 1371; baseline 0.009 -23"><span class='ocrx_word' id='word_1_67' title='bbox 11 1277 13 1294; x_wconf 88' lang='lat'>&#39;</span> <span class='ocrx_word' id='word_1_68' title='bbox 124 1286 287 1348; x_wconf 73' lang='lat' dir='ltr'><strong>Athenaeus</strong></span> <span class='ocrx_word' id='word_1_69' title='bbox 308 1286 441 1371; x_wconf 79' lang='grc' dir='ltr'><strong><em>ἔκπωμα</em></strong></span> <span class='ocrx_word' id='word_1_70' title='bbox 463 1307 529 1349; x_wconf 87' lang='lat' dir='ltr'><strong>esse</strong></span> <span class='ocrx_word' id='word_1_71' title='bbox 552 1289 725 1370; x_wconf 81' lang='lat' dir='ltr'><strong>volueruni3</strong></span> <span class='ocrx_word' id='word_1_72' title='bbox 757 1291 830 1369; x_wconf 89' lang='lat' dir='ltr'><strong>quin</strong></span> <span class='ocrx_word' id='word_1_73' title='bbox 858 1293 948 1354; x_wconf 83' lang='lat' dir='ltr'><strong>etiam</strong></span> <span class='ocrx_word' id='word_1_74' title='bbox 975 1293 1032 1356; x_wconf 84' lang='lat' dir='ltr'><strong>hoe</strong></span> <span class='ocrx_word' id='word_1_75' title='bbox 1055 1295 1163 1358; x_wconf 86' lang='lat' dir='ltr'><strong>oonsu-</strong></span> 
     </span>
    </p>
   </div>
   <div class='ocr_carea' id='block_1_6' title="bbox 119 1405 1163 2318">
    <p class='ocr_par' dir='ltr' id='par_1_6' title="bbox 119 1405 1163 2074">
     <span class='ocr_line' id='line_1_10' title="bbox 124 1405 1163 1498; baseline 0.013 -34"><span class='ocrx_word' id='word_1_76' title='bbox 124 1407 199 1466; x_wconf 89' lang='lat' dir='ltr'><strong>mari</strong></span> <span class='ocrx_word' id='word_1_77' title='bbox 222 1410 328 1484; x_wconf 83' lang='lat' dir='ltr'><strong>putant</strong></span> <span class='ocrx_word' id='word_1_78' title='bbox 348 1405 558 1486; x_wconf 81' lang='lat' dir='ltr'><strong>Xenophontis</strong></span> <span class='ocrx_word' id='word_1_79' title='bbox 581 1406 677 1468; x_wconf 87' lang='lat' dir='ltr'><strong>verbis</strong></span> <span class='ocrx_word' id='word_1_80' title='bbox 699 1409 729 1468; x_wconf 93' lang='lat' dir='ltr'><strong>in</strong></span> <span class='ocrx_word' id='word_1_81' title='bbox 752 1406 858 1488; x_wconf 82' lang='lat' dir='ltr'><strong>Cyrop.</strong></span> <span class='ocrx_word' id='word_1_82' title='bbox 883 1409 962 1490; x_wconf 85' lang='lat' dir='ltr'><strong>vnr,</strong></span> <span class='ocrx_word' id='word_1_83' title='bbox 984 1407 1015 1493; x_wconf 83' lang='lat'><strong>8,</strong></span> <span class='ocrx_word' id='word_1_84' title='bbox 1041 1408 1097 1476; x_wconf 89' lang='lat'><strong>10:</strong></span> <span class='ocrx_word' id='word_1_85' title='bbox 1123 1409 1163 1498; x_wconf 80' lang='grc' dir='ltr'><strong>ἦν</strong></span> 
     </span>
     <span class='ocr_line' id='line_1_11' title="bbox 125 1518 1162 1614; baseline 0.009 -26"><span class='ocrx_word' id='word_1_86' title='bbox 125 1518 230 1598; x_wconf 69' lang='lat' dir='ltr'><strong>adroic</strong></span> <span class='ocrx_word' id='word_1_87' title='bbox 258 1521 394 1608; x_wconf 80' lang='grc' dir='ltr'><strong><em>νόμιμον</em></strong></span> <span class='ocrx_word' id='word_1_88' title='bbox 421 1522 502 1608; x_wconf 78' lang='grc' dir='ltr'><strong>μηδὲ</strong></span> <span class='ocrx_word' id='word_1_89' title='bbox 523 1523 699 1608; x_wconf 79' lang='grc' dir='ltr'><strong><em>προχοίδας</em></strong></span> <span class='ocrx_word' id='word_1_90' title='bbox 720 1526 932 1610; x_wconf 71' lang='grc' dir='ltr'><strong><em>ελσφέρισθοιι</em></strong></span> <span class='ocrx_word' id='word_1_91' title='bbox 954 1529 1000 1605; x_wconf 81' lang='grc' dir='ltr'><strong>είς</strong></span> <span class='ocrx_word' id='word_1_92' title='bbox 1021 1526 1061 1594; x_wconf 76' lang='grc' dir='ltr'><strong>τό</strong></span> <span class='ocrx_word' id='word_1_93' title='bbox 1083 1547 1162 1614; x_wconf 81' lang='grc' dir='ltr'><strong><em>συμ-</em></strong></span> 
     </span>
     <span class='ocr_line' id='line_1_12' title="bbox 119 1641 1160 1728; baseline 0 -18"><span class='ocrx_word' id='word_1_94' title='bbox 119 1641 235 1717; x_wconf 82' lang='grc' dir='ltr'><strong><em>πόσια,</em></strong></span> <span class='ocrx_word' id='word_1_95' title='bbox 256 1642 307 1704; x_wconf 89' lang='lat' dir='ltr'><strong>uhi</strong></span> <span class='ocrx_word' id='word_1_96' title='bbox 330 1641 486 1704; x_wconf 81' lang='lat' dir='ltr'><strong>manifesto</strong></span> <span class='ocrx_word' id='word_1_97' title='bbox 503 1643 882 1728; x_wconf 73' lang='grc' dir='ltr'><strong><em>εἰςοίίιοοιιίοιοίνοχόαις</em></strong></span> <span class='ocrx_word' id='word_1_98' title='bbox 903 1647 1064 1708; x_wconf 84' lang='lat' dir='ltr'><strong>noluerunt</strong></span> <span class='ocrx_word' id='word_1_99' title='bbox 1080 1651 1160 1710; x_wconf 92' lang='lat' dir='ltr'><strong>euim</strong></span> 
     </span>
     <span class='ocr_line' id='line_1_13' title="bbox 123 1761 1160 1842; baseline 0.006 -21"><span class='ocrx_word' id='word_1_100' title='bbox 123 1764 323 1839; x_wconf 79' lang='lat' dir='ltr'><strong>temperantes</strong></span> <span class='ocrx_word' id='word_1_101' title='bbox 334 1761 480 1840; x_wconf 86' lang='lat' dir='ltr'><strong>homiues,</strong></span> <span class='ocrx_word' id='word_1_102' title='bbox 501 1761 608 1840; x_wconf 88' lang='lat' dir='ltr'><strong>poeula</strong></span> <span class='ocrx_word' id='word_1_103' title='bbox 624 1778 742 1840; x_wconf 82' lang='lat' dir='ltr'><strong>semper</strong></span> <span class='ocrx_word' id='word_1_104' title='bbox 753 1762 851 1823; x_wconf 85' lang='lat' dir='ltr'><strong>denuo</strong></span> <span class='ocrx_word' id='word_1_105' title='bbox 865 1764 990 1842; x_wconf 85' lang='lat' dir='ltr'><strong>impleri.</strong></span> <span class='ocrx_word' id='word_1_106' title='bbox 1013 1762 1058 1827; x_wconf 85' lang='lat' dir='ltr'><strong>Ci.</strong></span> <span class='ocrx_word' id='word_1_107' title='bbox 1070 1767 1160 1827; x_wconf 86' lang='lat' dir='ltr'><strong>etiam</strong></span> 
     </span>
     <span class='ocr_line' id='line_1_14' title="bbox 122 1872 1160 1962; baseline 0.005 -23"><span class='ocrx_word' id='word_1_108' title='bbox 122 1875 232 1957; x_wconf 78' lang='lat' dir='ltr'><strong>Cyrop.</strong></span> <span class='ocrx_word' id='word_1_109' title='bbox 259 1877 296 1958; x_wconf 88' lang='lat' dir='ltr'><strong>V,</strong></span> <span class='ocrx_word' id='word_1_110' title='bbox 323 1872 359 1959; x_wconf 79' lang='lat'><strong>2,</strong></span> <span class='ocrx_word' id='word_1_111' title='bbox 392 1874 429 1958; x_wconf 78' lang='lat'><strong>73</strong></span> <span class='ocrx_word' id='word_1_112' title='bbox 463 1877 629 1941; x_wconf 86' lang='lat' dir='ltr'><strong>Ciitarehus</strong></span> <span class='ocrx_word' id='word_1_113' title='bbox 657 1897 704 1958; x_wconf 89' lang='lat' dir='ltr'><strong>ap.</strong></span> <span class='ocrx_word' id='word_1_114' title='bbox 726 1879 797 1943; x_wconf 80' lang='lat' dir='ltr'><strong>Aru</strong></span> <span class='ocrx_word' id='word_1_115' title='bbox 826 1875 906 1962; x_wconf 86' lang='lat'>495,</span> <span class='ocrx_word' id='word_1_116' title='bbox 930 1897 964 1961; x_wconf 77' lang='grc' dir='ltr'><strong>ος</strong></span> <span class='ocrx_word' id='word_1_117' title='bbox 997 1882 1160 1960; x_wconf 81' lang='lat' dir='ltr'><strong>Sophocles</strong></span> 
     </span>
     <span class='ocr_line' id='line_1_15' title="bbox 121 1990 374 2074; baseline 0.004 -16"><span class='ocrx_word' id='word_1_118' title='bbox 121 1997 222 2074; x_wconf 81' lang='lat' dir='ltr'><strong>Antig.</strong></span> <span class='ocrx_word' id='word_1_119' title='bbox 245 2015 273 2059; x_wconf 86' lang='lat' dir='ltr'><strong>v.</strong></span> <span class='ocrx_word' id='word_1_120' title='bbox 294 1990 374 2059; x_wconf 78' lang='lat'>430:</span> 
     </span>
    </p>

    <p class='ocr_par' dir='ltr' id='par_1_7' title="bbox 248 2108 909 2200">
     <span class='ocr_line' id='line_1_16' title="bbox 248 2108 909 2200; baseline 0.006 -22"><span class='ocrx_word' id='word_1_121' title='bbox 248 2110 284 2191; x_wconf 67' lang='grc' dir='ltr'><strong>ἐξ</strong></span> <span class='ocrx_word' id='word_1_122' title='bbox 303 2108 485 2199; x_wconf 74' lang='grc' dir='ltr'><strong><em>εὐκροτήτου</em></strong></span> <span class='ocrx_word' id='word_1_123' title='bbox 504 2115 644 2197; x_wconf 84' lang='grc' dir='ltr'><strong><em>χαλκέας</em></strong></span> <span class='ocrx_word' id='word_1_124' title='bbox 666 2113 768 2199; x_wconf 79' lang='grc' dir='ltr'><strong><em>ἄρδην</em></strong></span> <span class='ocrx_word' id='word_1_125' title='bbox 788 2113 909 2200; x_wconf 81' lang='grc' dir='ltr'><strong><em>πρόχου</em></strong></span> 
     </span>
    </p>

    <p class='ocr_par' dir='ltr' id='par_1_8' title="bbox 247 2231 922 2318">
     <span class='ocr_line' id='line_1_17' title="bbox 247 2231 922 2318; baseline 0.004 -24"><span class='ocrx_word' id='word_1_126' title='bbox 247 2241 354 2314; x_wconf 80' lang='grc' dir='ltr'><strong><em>χοοιίσι</em></strong></span> <span class='ocrx_word' id='word_1_127' title='bbox 375 2231 595 2315; x_wconf 79' lang='grc' dir='ltr'><strong><em>τρισπόνδοισι</em></strong></span> <span class='ocrx_word' id='word_1_128' title='bbox 616 2236 672 2300; x_wconf 82' lang='grc' dir='ltr'><strong>τόν</strong></span> <span class='ocrx_word' id='word_1_129' title='bbox 692 2237 786 2298; x_wconf 82' lang='grc' dir='ltr'><strong><em>νέκυν</em></strong></span> <span class='ocrx_word' id='word_1_130' title='bbox 806 2237 922 2318; x_wconf 81' lang='grc' dir='ltr'><strong>στέφει.</strong></span> 
     </span>
    </p>
   </div>
   <div class='ocr_carea' id='block_1_7' title="bbox 120 2349 1158 2548">
    <p class='ocr_par' dir='ltr' id='par_1_9' title="bbox 120 2349 1158 2548">
     <span class='ocr_line' id='line_1_18' title="bbox 120 2349 1158 2436; baseline 0.007 -26"><span class='ocrx_word' id='word_1_131' title='bbox 120 2350 218 2410; x_wconf 86' lang='lat' dir='ltr'><strong>Etiam</strong></span> <span class='ocrx_word' id='word_1_132' title='bbox 251 2349 309 2410; x_wconf 89' lang='lat' dir='ltr'><strong>oiei</strong></span> <span class='ocrx_word' id='word_1_133' title='bbox 342 2368 394 2412; x_wconf 85' lang='lat' dir='ltr'><strong>vas</strong></span> <span class='ocrx_word' id='word_1_134' title='bbox 421 2350 493 2428; x_wconf 78' lang='lat' dir='ltr'><strong>ruit,</strong></span> <span class='ocrx_word' id='word_1_135' title='bbox 527 2359 561 2413; x_wconf 89' lang='lat' dir='ltr'><strong>ut</strong></span> <span class='ocrx_word' id='word_1_136' title='bbox 591 2351 714 2412; x_wconf 90' lang='lat' dir='ltr'><strong>Suidas:</strong></span> <span class='ocrx_word' id='word_1_137' title='bbox 749 2351 890 2435; x_wconf 75' lang='grc' dir='ltr'><strong><em>λήκυθος</em></strong></span> <span class='ocrx_word' id='word_1_138' title='bbox 911 2349 945 2416; x_wconf 79' lang='lat' dir='ltr'><strong>ad</strong></span> <span class='ocrx_word' id='word_1_139' title='bbox 967 2352 1158 2436; x_wconf 85' lang='grc' dir='ltr'><strong><em>προχοόόιου</em></strong></span> 
     </span>
     <span class='ocr_line' id='line_1_19' title="bbox 120 2461 999 2548; baseline 0.005 -18"><span class='ocrx_word' id='word_1_140' title='bbox 120 2461 214 2548; x_wconf 75' lang='grc' dir='ltr'><strong><em>παρὰ</em></strong></span> <span class='ocrx_word' id='word_1_141' title='bbox 235 2462 270 2531; x_wconf 81' lang='grc' dir='ltr'><strong>τὸ</strong></span> <span class='ocrx_word' id='word_1_142' title='bbox 292 2465 404 2532; x_wconf 84' lang='grc' dir='ltr'><strong><em>ἔλαιον</em></strong></span> <span class='ocrx_word' id='word_1_143' title='bbox 425 2466 568 2534; x_wconf 63' lang='grc' dir='ltr'><strong>κεύθων.</strong></span> <span class='ocrx_word' id='word_1_144' title='bbox 996 2465 999 2472; x_wconf 75' lang='lat'>&#39;</span> 
     </span>
    </p>
   </div>
   <div class='ocr_carea' id='block_1_8' title="bbox 507 2666 778 2754">
    <p class='ocr_par' dir='ltr' id='par_1_10' title="bbox 507 2666 778 2754">
     <span class='ocr_line' id='line_1_20' title="bbox 507 2666 778 2754; baseline 0.015 -22"><span class='ocrx_word' id='word_1_145' title='bbox 507 2667 539 2732; x_wconf 89' lang='grc'><strong>4.</strong></span> <span class='ocrx_word' id='word_1_146' title='bbox 581 2666 778 2754; x_wconf 80' lang='grc' dir='ltr'><strong><em>Ἐπέχυσις</em></strong></span> 
     </span>
    </p>
   </div>
   <div class='ocr_carea' id='block_1_9' title="bbox 117 2821 1157 3373">
    <p class='ocr_par' dir='ltr' id='par_1_11' title="bbox 117 2821 1157 3373">
     <span class='ocr_line' id='line_1_21' title="bbox 118 2821 1155 2904; baseline 0.008 -22"><span class='ocrx_word' id='word_1_147' title='bbox 118 2823 181 2883; x_wconf 81' lang='lat' dir='ltr'><strong>tere</strong></span> <span class='ocrx_word' id='word_1_148' title='bbox 203 2823 282 2883; x_wconf 92' lang='lat' dir='ltr'><strong>idem</strong></span> <span class='ocrx_word' id='word_1_149' title='bbox 303 2821 489 2900; x_wconf 80' lang='lat' dir='ltr'><strong>signiiiaasae</strong></span> <span class='ocrx_word' id='word_1_150' title='bbox 510 2823 637 2904; x_wconf 81' lang='lat' dir='ltr'><strong>videtur,</strong></span> <span class='ocrx_word' id='word_1_151' title='bbox 659 2824 711 2885; x_wconf 88' lang='lat' dir='ltr'><strong>aed</strong></span> <span class='ocrx_word' id='word_1_152' title='bbox 734 2829 781 2885; x_wconf 88' lang='lat' dir='ltr'><strong>est</strong></span> <span class='ocrx_word' id='word_1_153' title='bbox 802 2841 859 2885; x_wconf 83' lang='lat' dir='ltr'><strong>vox</strong></span> <span class='ocrx_word' id='word_1_154' title='bbox 880 2822 1029 2886; x_wconf 84' lang='lat' dir='ltr'><strong>interioris</strong></span> <span class='ocrx_word' id='word_1_155' title='bbox 1050 2827 1155 2890; x_wconf 85' lang='lat' dir='ltr'><strong>aetatis.</strong></span> 
     </span>
     <span class='ocr_line' id='line_1_22' title="bbox 119 2939 1157 3020; baseline 0.007 -21"><span class='ocrx_word' id='word_1_156' title='bbox 119 2939 220 3000; x_wconf 87' lang='lat' dir='ltr'><strong>Primo</strong></span> <span class='ocrx_word' id='word_1_157' title='bbox 242 2939 390 3018; x_wconf 81' lang='lat' dir='ltr'><strong>significat</strong></span> <span class='ocrx_word' id='word_1_158' title='bbox 412 2941 506 3018; x_wconf 89' lang='lat' dir='ltr'><strong>ipsam</strong></span> <span class='ocrx_word' id='word_1_159' title='bbox 529 2939 708 3003; x_wconf 77' lang='lat' dir='ltr'><strong>infusionem</strong></span> <span class='ocrx_word' id='word_1_160' title='bbox 732 2941 868 3020; x_wconf 77' lang='lat' dir='ltr'><strong>liquoris,</strong></span> <span class='ocrx_word' id='word_1_161' title='bbox 894 2945 924 3002; x_wconf 87' lang='lat' dir='ltr'><strong>et</strong></span> <span class='ocrx_word' id='word_1_162' title='bbox 946 2947 1060 3004; x_wconf 87' lang='lat' dir='ltr'><strong>certum</strong></span> <span class='ocrx_word' id='word_1_163' title='bbox 1081 2943 1157 3006; x_wconf 88' lang='lat' dir='ltr'><strong>liba·</strong></span> 
     </span>
     <span class='ocr_line' id='line_1_23' title="bbox 119 3059 1155 3139; baseline 0.004 -21"><span class='ocrx_word' id='word_1_164' title='bbox 119 3059 209 3119; x_wconf 85' lang='lat' dir='ltr'><strong>tionis</strong></span> <span class='ocrx_word' id='word_1_165' title='bbox 232 3077 327 3136; x_wconf 77' lang='lat' dir='ltr'><strong>genus</strong></span> <span class='ocrx_word' id='word_1_166' title='bbox 354 3059 382 3118; x_wconf 94' lang='lat' dir='ltr'><strong>in</strong></span> <span class='ocrx_word' id='word_1_167' title='bbox 411 3059 555 3120; x_wconf 89' lang='lat' dir='ltr'><strong>honorem</strong></span> <span class='ocrx_word' id='word_1_168' title='bbox 588 3059 713 3120; x_wconf 84' lang='lat' dir='ltr'><strong>alieuius</strong></span> <span class='ocrx_word' id='word_1_169' title='bbox 746 3063 938 3138; x_wconf 85' lang='lat' dir='ltr'><strong>susceptum,</strong></span> <span class='ocrx_word' id='word_1_170' title='bbox 971 3061 1008 3120; x_wconf 91' lang='lat' dir='ltr'><strong>de</strong></span> <span class='ocrx_word' id='word_1_171' title='bbox 1041 3079 1101 3139; x_wconf 89' lang='lat' dir='ltr'><strong>quo</strong></span> <span class='ocrx_word' id='word_1_172' title='bbox 1129 3079 1155 3122; x_wconf 87' lang='lat' dir='ltr'><strong>v.</strong></span> 
     </span>
     <span class='ocr_line' id='line_1_24' title="bbox 118 3171 1156 3256; baseline 0.001 -20"><span class='ocrx_word' id='word_1_173' title='bbox 118 3176 368 3254; x_wconf 70' lang='lat' dir='ltr'><strong>schweighauser</strong></span> <span class='ocrx_word' id='word_1_174' title='bbox 380 3177 416 3238; x_wconf 94' lang='lat' dir='ltr'><strong>ad</strong></span> <span class='ocrx_word' id='word_1_175' title='bbox 428 3176 498 3238; x_wconf 83' lang='lat' dir='ltr'><strong>hth.</strong></span> <span class='ocrx_word' id='word_1_176' title='bbox 510 3175 562 3256; x_wconf 78' lang='lat' dir='ltr'><strong>w,</strong></span> <span class='ocrx_word' id='word_1_177' title='bbox 575 3171 654 3256; x_wconf 78' lang='lat'>1623</span> <span class='ocrx_word' id='word_1_178' title='bbox 678 3180 741 3236; x_wconf 91' lang='lat' dir='ltr'><strong>tum</strong></span> <span class='ocrx_word' id='word_1_179' title='bbox 760 3183 790 3236; x_wconf 91' lang='lat' dir='ltr'><strong>et</strong></span> <span class='ocrx_word' id='word_1_180' title='bbox 806 3195 871 3238; x_wconf 90' lang='lat' dir='ltr'><strong>eam</strong></span> <span class='ocrx_word' id='word_1_181' title='bbox 883 3180 998 3255; x_wconf 88' lang='lat' dir='ltr'><strong>partem</strong></span> <span class='ocrx_word' id='word_1_182' title='bbox 1008 3179 1096 3256; x_wconf 81' lang='lat' dir='ltr'><strong>vasis,</strong></span> <span class='ocrx_word' id='word_1_183' title='bbox 1119 3195 1156 3237; x_wconf 84' lang='lat' dir='ltr'><strong>ex</strong></span> 
     </span>
     <span class='ocr_line' id='line_1_25' title="bbox 117 3292 1156 3373; baseline -0.003 -17"><span class='ocrx_word' id='word_1_184' title='bbox 117 3313 179 3373; x_wconf 91' lang='lat' dir='ltr'><strong>qua</strong></span> <span class='ocrx_word' id='word_1_185' title='bbox 208 3293 369 3356; x_wconf 72' lang='lat' dir='ltr'><strong>effunditur</strong></span> <span class='ocrx_word' id='word_1_186' title='bbox 396 3294 510 3372; x_wconf 73' lang='lat' dir='ltr'><strong>liquor,</strong></span> <span class='ocrx_word' id='word_1_187' title='bbox 544 3297 578 3355; x_wconf 91' lang='lat' dir='ltr'><strong>ut</strong></span> <span class='ocrx_word' id='word_1_188' title='bbox 608 3295 637 3355; x_wconf 91' lang='lat' dir='ltr'><strong>in</strong></span> <span class='ocrx_word' id='word_1_189' title='bbox 668 3292 704 3354; x_wconf 86' lang='lat' dir='ltr'><strong>ir.</strong></span> <span class='ocrx_word' id='word_1_190' title='bbox 733 3293 942 3372; x_wconf 75' lang='lat' dir='ltr'><strong>Aristophanis</strong></span> <span class='ocrx_word' id='word_1_191' title='bbox 974 3311 1021 3372; x_wconf 90' lang='lat' dir='ltr'><strong>ap.</strong></span> <span class='ocrx_word' id='word_1_192' title='bbox 1044 3292 1156 3354; x_wconf 87' lang='lat' dir='ltr'><strong>Poliuo.</strong></span> 
     </span>
    </p>
   </div>
   <div class='ocr_carea' id='block_1_10' title="bbox 119 3407 1256 3494">
    <p class='ocr_par' dir='ltr' id='par_1_12' title="bbox 119 3407 1256 3494">
     <span class='ocr_line' id='line_1_26' title="bbox 119 3407 1256 3494; baseline -0.002 -20"><span class='ocrx_word' id='word_1_193' title='bbox 119 3411 160 3490; x_wconf 89' lang='grc' dir='ltr'><strong>Χ,</strong></span> <span class='ocrx_word' id='word_1_194' title='bbox 182 3407 262 3476; x_wconf 88' lang='lat'>109:</span> <span class='ocrx_word' id='word_1_195' title='bbox 285 3409 427 3494; x_wconf 71' lang='grc' dir='ltr'><strong><em>ἐπίχυσις</em></strong></span> <span class='ocrx_word' id='word_1_196' title='bbox 454 3411 509 3478; x_wconf 74' lang='lat' dir='ltr'><strong>aad</strong></span> <span class='ocrx_word' id='word_1_197' title='bbox 526 3410 659 3494; x_wconf 87' lang='grc' dir='ltr'><strong><em>χαλκίον</em></strong></span> <span class='ocrx_word' id='word_1_198' title='bbox 681 3443 721 3456; x_wconf 91' lang='lat'>-</span> <span class='ocrx_word' id='word_1_199' title='bbox 744 3428 924 3488; x_wconf 88' lang='lat' dir='ltr'><strong>quamquam</strong></span> <span class='ocrx_word' id='word_1_200' title='bbox 945 3412 1156 3488; x_wconf 76' lang='lat' dir='ltr'><strong>grammaticus</strong></span> <span class='ocrx_word' id='word_1_201' title='bbox 1253 3415 1256 3428; x_wconf 93' lang='grc'><strong>’</strong></span> 
     </span>
    </p>
   </div>
   <div class='ocr_carea' id='block_1_11' title="bbox 117 3524 1157 4196">
    <p class='ocr_par' dir='ltr' id='par_1_13' title="bbox 117 3524 1157 4196">
     <span class='ocr_line' id='line_1_27' title="bbox 117 3524 1157 3613; baseline 0 -21"><span class='ocrx_word' id='word_1_202' title='bbox 117 3532 154 3596; x_wconf 77' lang='grc' dir='ltr'><strong>έν</strong></span> <span class='ocrx_word' id='word_1_203' title='bbox 182 3530 243 3596; x_wconf 81' lang='grc' dir='ltr'><strong>πόν</strong></span> <span class='ocrx_word' id='word_1_204' title='bbox 263 3530 459 3613; x_wconf 75' lang='grc' dir='ltr'><strong><em>μαγειρικόν</em></strong></span> <span class='ocrx_word' id='word_1_205' title='bbox 490 3531 608 3596; x_wconf 75' lang='grc' dir='ltr'><strong><em>σκευῶν</em></strong></span> <span class='ocrx_word' id='word_1_206' title='bbox 639 3545 706 3590; x_wconf 85' lang='lat' dir='ltr'><strong>esso</strong></span> <span class='ocrx_word' id='word_1_207' title='bbox 737 3531 841 3607; x_wconf 84' lang='lat' dir='ltr'><strong>putat3</strong></span> <span class='ocrx_word' id='word_1_208' title='bbox 875 3528 934 3588; x_wconf 87' lang='lat' dir='ltr'><strong>imo</strong></span> <span class='ocrx_word' id='word_1_209' title='bbox 968 3524 1004 3593; x_wconf 81' lang='grc' dir='ltr'><strong>τό</strong></span> <span class='ocrx_word' id='word_1_210' title='bbox 1022 3527 1157 3610; x_wconf 81' lang='grc' dir='ltr'><strong><em>χαλκίον</em></strong></span> 
     </span>
     <span class='ocr_line' id='line_1_28' title="bbox 119 3641 1156 3730; baseline -0.002 -23"><span class='ocrx_word' id='word_1_211' title='bbox 119 3665 170 3708; x_wconf 90' lang='lat' dir='ltr'><strong>vas</strong></span> <span class='ocrx_word' id='word_1_212' title='bbox 193 3651 248 3726; x_wconf 82' lang='lat' dir='ltr'><strong>est,</strong></span> <span class='ocrx_word' id='word_1_213' title='bbox 271 3641 290 3730; x_wconf 82' lang='grc' dir='ltr'><em>ἦ</em></span> <span class='ocrx_word' id='word_1_214' title='bbox 312 3643 451 3728; x_wconf 71' lang='grc' dir='ltr'><strong><em>ἐπίχυσις</em></strong></span> <span class='ocrx_word' id='word_1_215' title='bbox 472 3665 541 3726; x_wconf 87' lang='lat' dir='ltr'><strong>para</strong></span> <span class='ocrx_word' id='word_1_216' title='bbox 563 3647 644 3727; x_wconf 81' lang='lat' dir='ltr'><strong>eius,</strong></span> <span class='ocrx_word' id='word_1_217' title='bbox 676 3664 765 3725; x_wconf 90' lang='lat' dir='ltr'><strong>quam</strong></span> <span class='ocrx_word' id='word_1_218' title='bbox 789 3664 842 3707; x_wconf 92' lang='lat' dir='ltr'><strong>nos</strong></span> <span class='ocrx_word' id='word_1_219' title='bbox 865 3646 991 3707; x_wconf 86' lang='lat' dir='ltr'><strong>dicimus</strong></span> <span class='ocrx_word' id='word_1_220' title='bbox 1013 3643 1156 3706; x_wconf 70' lang='lat' dir='ltr'><strong>“iudan”</strong></span> 
     </span>
     <span class='ocr_line' id='line_1_29' title="bbox 117 3761 1155 3843; baseline 0.002 -19"><span class='ocrx_word' id='word_1_221' title='bbox 117 3798 156 3809; x_wconf 95' lang='lat'>-</span> <span class='ocrx_word' id='word_1_222' title='bbox 182 3769 213 3831; x_wconf 84' lang='lat' dir='ltr'><strong>et</strong></span> <span class='ocrx_word' id='word_1_223' title='bbox 240 3783 290 3825; x_wconf 86' lang='lat' dir='ltr'><strong>vas</strong></span> <span class='ocrx_word' id='word_1_224' title='bbox 317 3766 415 3842; x_wconf 89' lang='lat' dir='ltr'><strong>ipsum</strong></span> <span class='ocrx_word' id='word_1_225' title='bbox 442 3782 478 3824; x_wconf 85' lang='lat' dir='ltr'><strong>ex</strong></span> <span class='ocrx_word' id='word_1_226' title='bbox 506 3782 566 3843; x_wconf 88' lang='lat' dir='ltr'><strong>quo</strong></span> <span class='ocrx_word' id='word_1_227' title='bbox 594 3763 744 3843; x_wconf 79' lang='lat' dir='ltr'><strong>tunditur3</strong></span> <span class='ocrx_word' id='word_1_228' title='bbox 778 3783 804 3827; x_wconf 84' lang='lat' dir='ltr'><strong>v.</strong></span> <span class='ocrx_word' id='word_1_229' title='bbox 828 3761 982 3842; x_wconf 85' lang='lat' dir='ltr'><strong>Phylareh.</strong></span> <span class='ocrx_word' id='word_1_230' title='bbox 1011 3781 1059 3842; x_wconf 89' lang='lat' dir='ltr'><strong>ap.</strong></span> <span class='ocrx_word' id='word_1_231' title='bbox 1084 3762 1155 3826; x_wconf 77' lang='lat' dir='ltr'><strong>Aah.</strong></span> 
     </span>
     <span class='ocr_line' id='line_1_30' title="bbox 118 3875 1156 3966; baseline -0.001 -25"><span class='ocrx_word' id='word_1_232' title='bbox 118 3881 170 3961; x_wconf 82' lang='lat' dir='ltr'><strong>iv,</strong></span> <span class='ocrx_word' id='word_1_233' title='bbox 195 3875 268 3960; x_wconf 80' lang='grc'><strong>142,</strong></span> <span class='ocrx_word' id='word_1_234' title='bbox 289 3883 324 3943; x_wconf 90' lang='lat' dir='ltr'><strong>d:</strong></span> <span class='ocrx_word' id='word_1_235' title='bbox 347 3877 366 3966; x_wconf 78' lang='grc' dir='ltr'><em>ἡ</em></span> <span class='ocrx_word' id='word_1_236' title='bbox 388 3877 423 3945; x_wconf 83' lang='lat' dir='ltr'><strong>d&#39;</strong></span> <span class='ocrx_word' id='word_1_237' title='bbox 444 3879 582 3964; x_wconf 73' lang='grc' dir='ltr'><strong><em>ἐπίχυσις</em></strong></span> <span class='ocrx_word' id='word_1_238' title='bbox 601 3880 718 3965; x_wconf 81' lang='grc' dir='ltr'><strong><em>χαλκῆ,</em></strong></span> <span class='ocrx_word' id='word_1_239' title='bbox 752 3887 783 3944; x_wconf 88' lang='lat' dir='ltr'><strong>et</strong></span> <span class='ocrx_word' id='word_1_240' title='bbox 810 3881 973 3943; x_wconf 83' lang='lat' dir='ltr'><strong>Menander</strong></span> <span class='ocrx_word' id='word_1_241' title='bbox 1001 3881 1071 3942; x_wconf 89' lang='lat' dir='ltr'><strong>ihid.</strong></span> <span class='ocrx_word' id='word_1_242' title='bbox 1100 3879 1156 3958; x_wconf 82' lang='lat' dir='ltr'><strong>XI,</strong></span> 
     </span>
     <span class='ocr_line' id='line_1_31' title="bbox 117 3983 1156 4083; baseline -0.003 -22"><span class='ocrx_word' id='word_1_243' title='bbox 117 3992 192 4079; x_wconf 87' lang='grc'>484,</span> <span class='ocrx_word' id='word_1_244' title='bbox 204 4001 238 4062; x_wconf 89' lang='lat' dir='ltr'><strong>d:</strong></span> <span class='ocrx_word' id='word_1_245' title='bbox 261 3997 321 4083; x_wconf 76' lang='grc' dir='ltr'><strong>ἤδη</strong></span> <span class='ocrx_word' id='word_1_246' title='bbox 335 3983 373 4062; x_wconf 76' lang='lat' dir='ltr'><strong>&#39;d’</strong></span> <span class='ocrx_word' id='word_1_247' title='bbox 390 3996 536 4081; x_wconf 79' lang='grc' dir='ltr'><strong><em>έπίχυσις,</em></strong></span> <span class='ocrx_word' id='word_1_248' title='bbox 558 3997 707 4064; x_wconf 72' lang='grc' dir='ltr'><strong><em>όιοίλιβοι</em></strong></span> <span class='ocrx_word' id='word_1_249' title='bbox 719 3998 893 4082; x_wconf 76' lang='grc' dir='ltr'><strong><em>λοιβριόνιοι</em></strong></span> <span class='ocrx_word' id='word_1_250' title='bbox 904 4020 932 4064; x_wconf 91' lang='grc' dir='ltr'><strong>ιι.</strong></span> <span class='ocrx_word' id='word_1_251' title='bbox 940 4020 965 4062; x_wconf 81' lang='lat' dir='ltr'><strong>a.</strong></span> <span class='ocrx_word' id='word_1_252' title='bbox 974 3998 1002 4062; x_wconf 93' lang='grc' dir='ltr'><strong>λ.</strong></span> <span class='ocrx_word' id='word_1_253' title='bbox 1046 3997 1156 4060; x_wconf 86' lang='lat' dir='ltr'><strong>Susee-</strong></span> 
     </span>
     <span class='ocr_line' id='line_1_32' title="bbox 119 4111 1157 4196; baseline 0.001 -20"><span class='ocrx_word' id='word_1_254' title='bbox 119 4123 227 4194; x_wconf 88' lang='lat' dir='ltr'><strong>perunt</strong></span> <span class='ocrx_word' id='word_1_255' title='bbox 249 4135 355 4178; x_wconf 89' lang='lat' dir='ltr'><strong>nomen</strong></span> <span class='ocrx_word' id='word_1_256' title='bbox 380 4117 520 4194; x_wconf 76' lang='lat' dir='ltr'><strong>Romani,</strong></span> <span class='ocrx_word' id='word_1_257' title='bbox 544 4119 598 4180; x_wconf 68' lang='lat' dir='ltr'><strong>vid,</strong></span> <span class='ocrx_word' id='word_1_258' title='bbox 622 4116 715 4178; x_wconf 87' lang='lat' dir='ltr'><strong>Piaut.</strong></span> <span class='ocrx_word' id='word_1_259' title='bbox 733 4117 808 4179; x_wconf 82' lang='lat' dir='ltr'><strong>liud.</strong></span> <span class='ocrx_word' id='word_1_260' title='bbox 835 4117 869 4195; x_wconf 75' lang='lat' dir='ltr'><strong>V,</strong></span> <span class='ocrx_word' id='word_1_261' title='bbox 891 4111 923 4196; x_wconf 78' lang='lat'><strong>2,</strong></span> <span class='ocrx_word' id='word_1_262' title='bbox 945 4112 998 4195; x_wconf 73' lang='lat'><strong>32,</strong></span> <span class='ocrx_word' id='word_1_263' title='bbox 1021 4123 1052 4176; x_wconf 85' lang='lat' dir='ltr'><strong>et</strong></span> <span class='ocrx_word' id='word_1_264' title='bbox 1063 4116 1157 4177; x_wconf 87' lang='lat' dir='ltr'><strong>Varro</strong></span> 
     </span>
    </p>
   </div>
   <div class='ocr_carea' id='block_1_12' title="bbox 0 0 1456 4704">
    <p class='ocr_par' dir='ltr' id='par_1_14' title="bbox 0 0 1456 4704">
     <span class='ocr_line' id='line_1_33' title="bbox 0 0 1456 4704; baseline 0 2"><span class='ocrx_word' id='word_1_265' title='bbox 0 0 1456 4704; x_wconf 95' lang='lat' dir='ltr'><strong> </strong></span> 
     </span>
    </p>
   </div>
  </div>
 </body>
</html>
