2906 4716
674 214 897 314 ..AL
1188 183 1211 219 ’

268 421 402 496 videtur,
441 439 492 484 eas
523 441 581 484 non
609 424 640 484 in
676 419 748 482 solis
786 419 1013 482 Panathenaicis
1042 421 1119 482 ludis
1148 426 1308 501 usurpatas

268 539 371 618 luisse,
395 540 447 601 sed
468 541 606 619 vulgares
627 539 720 602 tuisse
741 539 869 600 olearias
890 539 1060 618 amphoras,
1093 539 1180 616 vulgo
1202 541 1307 602 vendi·

268 663 313 720 tas
335 663 366 718 et
388 663 572 739 exportatas,
595 664 629 720 ut
650 660 792 737 inscripta
815 658 903 719 verha
926 674 985 717 non
1009 675 1114 736 usum,
1135 657 1189 718 sed
1212 673 1308 735 genus

268 775 446 854 significent.

352 895 396 955 Ac
418 911 457 953 ne
479 895 546 972 quis
568 897 669 973 putet,
704 895 767 956 haec
796 911 865 956 rasa
893 895 924 954 in
947 899 1134 955 mortuorum
1155 897 1186 954 et
1206 893 1306 972 sepul·

268 1030 387 1074 erorum
419 1031 508 1072 usum
541 1030 608 1074 esse
640 1011 736 1089 iacta,
776 1030 834 1072 non
867 1013 964 1074 solum
996 1011 1158 1072 formarum
1179 1013 1306 1074 varietas

267 1132 356 1192 etum
379 1131 453 1190 varii
477 1147 549 1191 usus
571 1133 774 1192 testimonium
797 1136 853 1206 est,
887 1131 940 1192 sed
962 1119 1030 1208 q'uae
1053 1133 1082 1190 in
1097 1131 1179 1218 ¹ipsis
1199 1148 1306 1195 vaseu-

267 1249 304 1308 lis
326 1249 404 1328 picta
425 1253 513 1322 sunt,
536 1265 615 1326 saepe
637 1266 724 1308 usum
746 1265 849 1310 eorum
872 1250 1000 1326 imagine
1017 1251 1197 1329 exprimunt,
1220 1254 1253 1309 ut
1275 1250 1304 1308 in

266 1385 341 1430 urna
368 1368 501 1429 videmus
531 1367 671 1456 mulieres
698 1371 862 1445 aqunntes,
903 1368 933 1429 iu
962 1368 1102 1446 crateris,
1126 1367 1305 1446 amphoris,

192 1514 194 1518 ·
266 1485 381 1566 poculis
403 1486 556 1563 convivia,
589 1488 744 1563 potantes,
777 1483 916 1560 libantes,
949 1457 1018 1562 alia,
1051 1502 1178 1562 querum
1200 1486 1305 1564 imagi-

267 1623 337 1664 num
360 1603 494 1681 exempla
516 1602 743 1664 innumerabilia
764 1606 844 1663 sunt.
868 1599 929 1682 (Cf.
943 1601 1065 1670 Ahehen
1081 1601 1149 1662 ltal.
1173 1601 1251 1664 nied.
1274 1621 1304 1680 p.

265 1716 357 1795 Ἡ).
402 1721 550 1782 Extremae
572 1739 644 1781 sane
671 1723 768 1782 etatis
795 1724 866 1781 sunt
892 1720 1029 1798 quaedam
1058 1738 1143 1798 vasa,
1177 1695 1309 1800 quornm

265 1839 374 1918 partim
412 1841 454 1900 ita
491 1843 627 1900 contorte
664 1839 822 1916 elegantiae
858 1843 889 1900 et
921 1841 993 1900 artis
1025 1839 1155 1917 speeiem
1187 1843 1305 1900 senten·

265 1961 333 2035 tur,
366 1960 400 2018 ut
427 1959 476 2018 vix
504 1959 540 2018 ad
563 1960 631 2018 vitae
652 1975 757 2032 usum,
790 1957 842 2017 sed
871 1957 908 2018 ad
935 1961 1072 2016 ornatum
1102 1956 1200 2016 solum
1227 1955 1304 2018 laete

265 2075 439 2156 videantur,
473 2076 581 2153 partim
608 2073 792 2154 argumentis
813 2076 963 2153 expressis
985 2077 1046 2134 tam
1068 2075 1156 2134 unice
1177 2079 1303 2137 mortem

264 2197 295 2253 ct
322 2191 450 2272 interos,
485 2193 596 2254 luctum
618 2198 649 2253 et
670 2193 792 2254 inferias
813 2193 909 2254 oeulis
930 2193 1084 2272 obiiciunt,
1107 2195 1141 2251 ut
1162 2209 1199 2251 eo
1220 2192 1298 2270 ipso,

267 2311 346 2390 quod
369 2311 507 2392 diximus,
541 2313 665 2374 oonsilio
686 2311 762 2397 lecte
784 2317 935 2390 putemus,
967 2310 1171 2391 sepulcrorum
1193 2325 1303 2370 ornan·

265 2430 371 2492 dorum
393 2447 492 2494 eausa.

744 2567 767 2640 5
787 2560 819 2626 3.

397 2721 447 2789 De
470 2721 592 2812 eripiare
613 2735 643 2790 et
664 2719 828 2822 peceribus
850 2743 999 2788 vasorum
1016 2720 1169 2812 fictilium.

347 2886 479 2963 Antiqua
501 2903 571 2946 rasa
592 2885 694 2946 fictilia
716 2903 809 2963 quum
839 2885 869 2946 in
891 2883 1014 2946 Etruria
1036 2887 1162 2946 maxime
1184 2887 1303 2947 invente

264 3007 377 3083 essent,
411 3005 506 3081 prima
529 3003 682 3066 hominum
703 3005 806 3082 opinio
828 3003 965 3064 Etruscis
987 3003 1165 3082 adscripsit,
1197 3008 1228 3064 et
1250 3004 1302 3066 diu

262 3122 300 3184 ab
329 3110 471 3183 'omnihus
499 3122 625 3189 Etrusca
658 3141 728 3184 vasa
760 3122 907 3202 appellata
940 3127 1019 3182 sunt.
1075 3121 1145 3188 uox
1166 3121 1302 3204 pluribus

263 3242 403 3318 inventis,
426 3245 532 3302 necin
555 3241 677 3303 Etruria
698 3242 805 3319 solum,
828 3241 880 3302 sed
903 3245 934 3300 et
955 3242 984 3302 in
1007 3239 1113 3317 Magna
1136 3237 1250 3326 Grecis
1271 3245 1303 3302 et

262 3360 292 3419 in
314 3355 415 3418 Sicilia
438 3363 468 3418 et
490 3360 519 3420 in
542 3361 607 3436 ipsa
628 3358 756 3434 Gnaecia,
778 3358 960 3418 intellectum
982 3361 1039 3436 est,
1062 3356 1210 3418 nGraeois
1231 3375 1303 3436 pro·

261 3474 339 3537 lecta
361 3494 447 3554 esse,
479 3479 587 3536 sinon
609 3478 724 3556 omnia,
757 3481 789 3537 at
810 3477 896 3553 longe
918 3475 1057 3554 plurima.
1109 3475 1184 3536 Nam
1206 3491 1302 3538 secer·

264 3595 360 3656 nenda
382 3600 452 3656 sunt
475 3595 610 3673 quaedam
633 3594 899 3656 manifestoTusoa
920 3612 1022 3674 opera,
1045 3595 1075 3656 iu
1096 3594 1217 3656 Etruria
1239 3595 1302 3656 sola

262 3713 415 3789 inventa,.
433 3717 538 3774 ornata
561 3731 618 3773 non
642 3713 818 3792 imaginihus
840 3712 978 3791 penicillo
1001 3713 1105 3792 pictis,
1140 3711 1193 3772 sed
1221 3713 1302 3790 typis

263 3849 300 3890 cx
321 3830 425 3908 argilla
447 3830 524 3892 iretis
548 3833 622 3904 (vid.
644 3831 767 3892 Ahelen
791 3832 810 3894 Ι.
833 3831 851 3891 Ι.
875 3850 903 3910 p.
925 3824 1108 3894 301e359
1125 3833 1217 3908 squ).
1249 3827 1301 3889 Se·

265 3949 411 4009 cernenda
433 3950 523 4009 etiam
545 3948 613 4028 alie,
646 3947 788 4010 Romanae
809 3950 884 4010 artis
906 3967 1007 4028 opera,
1041 3947 1171 4026 eleganti
1193 3947 1302 4009 rubore

263 4065 373 4128 eoloris
402 4072 432 4127 et
461 4071 600 4146 typorum
629 4067 850 4145 pulchritudine
878 4067 1015 4144 insignia.
1072 4064 1129 4126 Sed
1157 4066 1301 4144 pictorum
