2906 4716
794 281 841 348 68

300 494 410 555 laniem
434 494 463 552 in
487 492 600 569 tragica
620 494 685 551 arte
706 488 778 568 (Ep.
800 483 960 566 ι,3,14).
1003 485 1079 566 Qun
1101 492 1201 552 omnia
1223 493 1250 550 si
1273 492 1348 568 quis

197 623 202 634 '
301 613 338 674 ad
360 613 493 672 sonitum
519 613 551 670 et
577 607 742 686 singultum
768 606 906 686 ampullas
933 605 1038 668 reterri
1065 625 1153 686 possa
1178 610 1347 688 putaverit,

301 747 394 808 quum
416 729 446 789 in
469 729 544 807 ipsis
564 726 657 802 locis,
689 743 766 803 quos
787 725 961 806 citavimus,
993 726 1085 788 multa
1106 726 1241 805 obstant,
1277 732 1348 788 tum

302 847 406 908 eadem
428 849 526 924 imago
547 845 615 906 aliis
637 843 736 905 verbis
757 860 898 931 expressa
914 861 961 922 ap.
973 841 1145 905 Ciceronem
1156 845 1347 906 adAtticum

302 964 341 1044 ll,
361 959 393 1044 1,
406 961 442 1026 l:
465 961 1014 1047 „hleussutemlihertotumlsocrati
1035 961 1345 1047 μοροθηκιονοίηιιο

301 1101 407 1144 omnes
429 1085 495 1144 eius
516 1081 729 1160 discipulorum
751 1079 868 1141 arculas
894 1097 930 1140 ac
955 1080 1089 1141 nonnihil
1111 1082 1201 1142 etium
1222 1081 1345 1142 Aristo·

304 1202 373 1262 tella
388 1202 539 1281 pigmenta
561 1200 775 1278 consumpsit.”
787 1230 827 1244 -
840 1196 981 1272 Fortasse
992 1199 1081 1260 etiam
1093 1200 1122 1259 in
1134 1199 1191 1260 hoc
1201 1200 1344 1260 vocabuli

304 1337 362 1405 usu
372 1319 445 1379 lusit
455 1319 568 1397 aliquid
580 1315 794 1396 Aristophanes
807 1317 836 1376 in
850 1316 952 1397 Ranis,
974 1335 1001 1379 v.
1021 1312 1192 1396 1200sqq,
1214 1318 1266 1378 ubi
1278 1318 1346 1378 Eu-

303 1437 408 1515 ripidis
441 1436 580 1514 prologos
613 1439 647 1496 ut
677 1436 768 1495 nimis
796 1435 945 1495 communi
975 1439 1007 1495 ct
1041 1437 1172 1514 pedestri
1204 1453 1347 1496 sermone
1445 1503 1446 1508 η

305 1555 487 1632 compositos
509 1553 762 1633 reprehensurus,
795 1554 835 1613 ita
857 1553 1029 1632 cavillatur,
1061 1559 1096 1614 ut
1121 1555 1248 1614 orationi
1274 1556 1346 1614 eius

303 1690 423 1751 semper
443 1673 599 1735 adnectat:
625 1670 784 1755 ληκύθιον
806 1665 986 1746 munseo,
1019 1673 1104 1749 quasi
1131 1676 1220 1768 poeto
1242 1689 1346 1732 meres

306 1791 427 1870 lodices,
450 1791 606 1870 ampullas,
630 1808 717 1870 peras
735 1793 872 1868 creparet
893 1794 937 1862 (ι.
960 1783 1077 1870 1λο3);
1100 1807 1167 1850 nem
1190 1788 1345 1866 vulgarem

304 1910 463 1969 admodum
475 1926 538 1968 rem
550 1913 581 1968 et
593 1907 658 1968 vilis
669 1909 757 1985 pretii
769 1905 863 1968 luisse
883 1905 1104 1991 ιηνλήκοθον,
1125 1907 1251 1968 vidimus
1268 1901 1346 1984 p.8.

304 2024 504 2086 celeberrima
534 2025 597 2084 hec
624 2024 831 2103 Aristophanis
858 2025 1007 2086 cavillatio
1029 2027 1145 2087 videtur
1176 2043 1264 2087 causa
1293 2023 1346 2086 lu-

306 2143 376 2220 isse,
398 2159 453 2202 cur
464 2159 568 2201 versus
580 2141 707 2203 dimeter
723 2143 892 2204 trochaicus
914 2143 1236 2228 catnlecticus-oam
1257 2148 1344 2204 tante

305 2275 375 2338 pars
398 2276 501 2320 versus
522 2258 559 2319 ab
572 2260 772 2338 Aristophane
784 2261 948 2322 absciditur
969 2262 1067 2324 verbis
1089 2263 1164 2327 illis:
1186 2260 1346 2344 ληκύθιον

306 2374 473 2442 ἀπώλεσεν
495 2409 537 2423 -
562 2382 594 2438 et
618 2378 683 2455 ipse
704 2377 863 2462 ληκύθιον
884 2378 1017 2442 crocatur
1041 2384 1084 2454 (ι.
1095 2380 1196 2446 Schol.
1218 2379 1255 2441 ad
1277 2379 1344 2440 lle·
1444 2385 1446 2402 '

305 2497 410 2575 phest.
437 2515 467 2575 p.
490 2489 534 2556 34
555 2493 673 2570 flaici).

389 2613 555 2676 Gestabant
576 2614 721 2691 ampullas
742 2614 780 2674 de
803 2614 900 2676 hnlteo
914 2630 1087 2693 suspensas,
1110 2633 1165 2676 nec
1186 2615 1282 2677 solum
1305 2616 1344 2678 ad

306 2731 365 2791 olei
388 2749 487 2811 usum,
508 2732 561 2792 sed
583 2734 672 2792 etiam
694 2734 801 2793 veneni
823 2737 867 2806 (v.
887 2733 970 2796 Suid.
992 2733 1172 2818 ληκύθιον).
1214 2732 1344 2794 Etller-

306 2849 459 2924 pocretion
482 2849 604 2926 quidem
628 2858 673 2921 (ι.
695 2845 925 2934 adelprecus)
955 2854 1044 2914 etiem
1073 2869 1220 2914 crumenae
1246 2852 1344 2912 ricem

307 2966 481 3042 prestitisse
504 2966 608 3028 tradit:
641 2970 697 3030 sai
722 2963 786 3050 γὰρ
813 2970 900 3050 εἶχον
921 2967 958 3034 ἐν
980 2981 1048 3046 ταῖς
1068 2970 1222 3053 ληκύθοις
1242 2967 1343 3051 ἄργιλ-

307 3105 387 3164 ριον.
423 3081 481 3144 Sed
493 3085 590 3145 omnis
603 3086 749 3146 eiusmodi
763 3105 834 3147 usus
847 3089 968 3148 minime
979 3089 1118 3167 proprius
1129 3087 1195 3170 luit,
1208 3107 1265 3148 non
1278 3105 1345 3148 mn·

307 3201 353 3278 gis
375 3219 464 3280 quam
486 3203 512 3263 si
535 3204 604 3280 quis
625 3205 765 3284 vinosus,
798 3209 832 3265 ut
859 3224 896 3266 ne
923 3207 953 3266 in
981 3205 1098 3267 theatro
1126 3208 1245 3285 quidem
1273 3207 1344 3266 vino

307 3325 438 3393 cureret,
469 3321 618 3397 ingentem
641 3323 800 3400 ampullam
822 3325 882 3383 vini
905 3323 1022 3403 plenam
1040 3308 1276 3401 secum'hcbuit,
1311 3330 1346 3384 ut

306 3451 355 3512 sp.
379 3434 452 3496 Poll.
465 3435 507 3516 X,
519 3433 561 3499 97
577 3437 614 3500 ir.
637 3440 862 3518 Aristophanis:
884 3439 1028 3526 λήκυθον
1042 3438 1097 3528 νην
1117 3433 1346 3517 §mardonium
1444 3445 1445 3516 ζ

307 3547 363 3634 νην
381 3557 548 3634 perpetem
580 3552 636 3639 τὴν
662 3557 779 3643 καλήν,
812 3559 853 3642 ἢν
875 3557 1036 3644 ἐφερόμην
1063 3555 1104 3627 io'
1134 3558 1236 3642 ἔχοιμι
1268 3575 1345 3624 σνν-
1444 3529 1445 3538 ¹

306 3669 479 3752 θεοίιριον.

393 3785 532 3850 Ceterum
544 3807 581 3850 ex
600 3793 681 3852 omni
697 3792 759 3854 lere
780 3796 904 3856 materie
925 3794 1037 3856 fiebant
1057 3795 1195 3874 empullae
1208 3795 1347 3871 oleariae3

308 3919 345 3962 er
366 3903 470 3980 argilla
492 3911 544 3982 (ut
565 3925 613 3986 ep.
631 3908 705 3972 Poll.
720 3911 760 3990 X,
771 3907 830 3986 67)
853 3912 1054 3990 permultaecd
1068 3931 1122 3974 nos
1135 3915 1347 3991 pervenerunt,

307 4019 344 4080 de
367 4020 475 4097 quihus
503 4029 623 4105 postea3
657 4045 692 4087 ex
714 4047 787 4090 euro
809 4035 840 4090 et
861 4035 986 4107 argento
1011 4031 1140 4092 vidimus
1168 4031 1198 4090 in
1219 4029 1345 4090 Homeri

308 4135 485 4198 eththenmi
505 4137 596 4201 locis:
629 4161 755 4204 aeneum
772 4151 854 4207 extat
877 4149 1105 4208 instrumentum
1127 4145 1347 4208 balneatorium
