2906 4716
791 254 814 320 8

292 482 378 543 quos.
422 464 585 524 Audiamus
608 465 707 521 eutem
728 459 959 537 Aristophanem
981 461 1108 522 iu·Rsu.
1133 479 1159 521 v.
1189 455 1272 524 12:36
1293 463 1332 523 de
1450 465 1451 516 ξ

291 580 419 661 umpuiis
441 579 612 666 (ipwdirp)
647 579 810 640 dicentem:
854 575 954 662 Ιήψει
980 577 1044 659 γάρ
1071 573 1216 660 ὀβολοῦ
1242 580 1331 645 πάνυ

291 699 394 784 καλήν
415 722 449 762 τε
470 693 635 781 κάγαθήν.
667 695 736 758 Atia
758 697 926 758 testimonie
949 696 1142 775 suppeditant
1163 699 1227 776 ipss
1248 715 1331 778 rese,

292 821 321 878 in
350 817 459 896 quibus
477 817 637 877 ‘interdum
666 815 808 894 inscripta
838 813 1030 875 inveniuntur
1057 817 1152 891 pretia
1181 833 1330 895 vesorum,

292 955 351 997 non
375 935 513 1015 penicitto
535 935 632 1013 picto,
655 934 708 994 sed
729 934 800 994 stite
819 950 897 994 rasa.
943 931 1018 993 Nem
1040 950 1078 992 ns
1100 951 1331 995 commemorem

292 1055 341 1116 itis
369 1055 512 1131 inscripta
539 1052 591 1112 “in
618 1052 724 1130 poculo
751 1051 879 1112 rotundo
912 1049 996 1112 fictili
1028 1051 1155 1112 Athenis
1189 1055 1331 1132 roperto”

291 1172 437 1246 (Boeotii
470 1169 503 1234 C.
524 1170 551 1233 J.
574 1188 604 1230 n.
626 1164 704 1242 545)
736 1169 987 1252 Κηφισοφῶντος
1013 1164 1034 1254 ἦ
1065 1168 1168 1248 κύλιξ,
1200 1166 1260 1234 ἐὰν
1293 1167 1332 1233 δέ

292 1313 338 1366 τις
363 1289 499 1380 κατάξῃ,
534 1282 679 1371 δραχμὴν
705 1281 884 1362 ἀποτείσει,
917 1283 1022 1370 δῶρον
1044 1286 1089 1353 ὃν
1116 1283 1210 1371 παρὰ
1231 1290 1330 1366 ξένου,

291 1409 343 1470 ubi
371 1407 601 1486 multiplicatum
629 1423 695 1466 esse
722 1406 851 1484 pretium
881 1410 1020 1487 apparet,
1050 1407 1087 1487 iu⁸
1109 1406 1183 1485 pede
1205 1409 1329 1468 creteroe

292 1526 447 1596 cuiusdam
468 1525 533 1586 hec
554 1524 711 1602 leguntur:
740 1527 986 1588 ΚΡΛΤΕΡΕΣι
1009 1527 1065 1588 1⁷1

744 1643 873 1706 TIMEr
893 1645 1008 1706 ΗΠ.

293 1760 427 1822 Pretium
449 1761 542 1838 igitur
568 1777 621 1822 sex
649 1766 833 1821 craterarum
862 1759 982 1821 fuerunt
1006 1764 1148 1838 quattuor
1171 1760 1329 1838 drachmae,

292 1881 356 1940 sire
382 1880 472 1940 unius
501 1883 643 1957 quattuor
671 1878 761 1941 oboti.
816 1879 960 1940 Videmus
989 1879 1132 1942 vilitatem
1163 1880 1330 1940 maximum.

292 1996 358 2056 Alis
380 1996 512 2056 eiusdem
534 1997 651 2072 generis
673 1995 794 2071 collegit
815 1996 853 2066 is,
876 1996 954 2056 uude
975 1995 1040 2055 haec
1062 1999 1153 2074 petite
1168 2001 1249 2072 sunt,
1271 1995 1331 2056 Le·
1451 2053 1452 2058 ,

291 2113 431 2174 tronnius
446 2114 476 2172 in
493 2111 945 2190 Ephemeridibusliruditorum
958 2111 1094 2184 (Journal
1116 2113 1169 2172 des
1190 2113 1332 2188 Suvents)

218 2269 224 2280 ·
294 2223 387 2290 1837.
417 2249 445 2308 p.
468 2225 531 2289 750
552 2247 638 2307 sqq„
673 2247 740 2307 quse
768 2230 836 2306 quis
866 2246 923 2289 ιιοιι
947 2235 1242 2306 corcoriacum,
1277 2233 1330 2291 sed

293 2347 386 2408 variis
407 2349 587 2409 coniecturis
609 2348 770 2426 permixta,
801 2353 938 2424 repetere
965 2346 1058 2407 notui.
1101 2346 1183 2408 idem
1212 2366 1240 2426 p.
1267 2343 1332 2408 756

183 2531 186 2540 ,
295 2468 370 2528 setis
391 2465 534 2528 reiutcvit
554 2465 752 2540 Gerhurdum‚
775 2467 838 2544 qui,
861 2451 953 2543 ouum
975 2468 1061 2544 signa
1082 2467 1217 2545 quedem
1239 2467 1330 2528 huius

294 2587 411 2662 generis
433 2585 510 2646 maie
533 2585 742 2664 intellexisset,
776 2585 887 2662 ingenti
914 2586 1010 2662 pretio
1033 2589 1187 2661 putaverat
1215 2587 1331 2646 venisse

293 2703 357 2762 iraec
378 2703 480 2763 fictitio
502 2721 572 2763 vssa
595 2709 632 2770 (v.
655 2701 772 2762 Beriius
792 2701 903 2762 Antike
914 2699 1079 2763 Bitdwerke
1101 2722 1131 2788 p.
1146 2698 1224 2784 1543
1248 2702 1329 2764 Neu-

293 2818 657 2880 errrorbeueDenirmdter
680 2838 708 2878 ο.
730 2813 838 2889 1605).

377 2935 422 2994 Ex
444 2939 524 2996 teuta
546 2953 683 2996 vasorum
704 2935 819 2996 vilitate
839 2937 986 3014 sequitur,
1011 2953 1068 2996 non
1092 2955 1215 3014 pervum
1238 2955 1333 3018 quen·

293 3053 360 3112 dum
372 3070 540 3128 numerum,
563 3053 614 3114 sed
628 3054 788 3130 ingentem
810 3053 1032 3114 multitudinem
1054 3073 1158 3116 eorum
1176 3041 1242 3117 iieri
1256 3075 1330 3120 con-

293 3172 438 3248 suevisse,
460 3189 556 3248 ecque
579 3189 638 3230 uon
661 3171 808 3232 artificum
829 3172 881 3230 sed
896 3188 1054 3249 operarum
1069 3173 1206 3234 manibus
1217 3174 1329 3238 deberi.

292 3289 336 3349 Ac
358 3289 461 3367 primis
483 3289 604 3367 quidem
627 3288 809 3366 temporibus
830 3287 913 3366 figuli
936 3306 1042 3349 nomeu
1059 3291 1233 3368 inscriptum
1247 3293 1331 3352 iuve-
1447 3351 1448 3370 p

293 3407 384 3486 nitur,
407 3410 459 3468 aut
470 3407 591 3484 pictoris
603 3412 648 3473 (ut
659 3409 858 3482 Nixocdcrrsc
869 3423 1026 3482 εποιεοεν,
1048 3412 1328 3492 Επικτοιοςεγρα-

292 3538 376 3606 σφιν
396 3523 441 3585 vel
463 3542 639 3608 εγραφσεν,
672 3525 693 3586 i.
717 3544 744 3587 e.
768 3522 923 3608 ἔγραψεν.
966 3523 1046 3587 Raro
1068 3527 1146 3588 idem
1169 3533 1330 3606 utrumque

291 3639 373 3718 iecit,
386 3647 420 3702 ut
430 3646 583 3722 Εχσεκιας
593 3658 735 3724 εγραφοο
745 3659 885 3706 καποοσε
895 3665 946 3724 με.
958 3646 1002 3723 (v.
1011 3643 1154 3707 Gerhcrd.
1177 3645 1330 3725 chporto

294 3755 438 3818 vocante
468 3761 497 3818 m
519 3745 625 3822 imai.
648 3760 780 3822 insumo
804 3761 929 3824 nomam
957 3761 1014 3822 vor.
1037 3761 1096 3840 m,
1123 3782 1153 3840 p.
1178 3758 1229 3825 74.
1251 3769 1328 3844 ,ψῃ

293 3872 346 3932 sed
368 3874 518 3958 ,paularim
546 3877 610 3938 haec
633 3880 752 3939 nomina
774 3880 884 3940 rariora
906 3877 998 3960 fiunt3
1033 3884 1183 3956 postremo
1204 3894 1328 3958 prorsus

292 3995 489 4067 evanescunt,
521 3997 555 4052 ut
581 3996 702 4076 opinor,
736 3997 807 4075 quio
834 3996 892 4055 iam
915 4013 972 4056 non
995 3996 1080 4057 tiberi
1101 3998 1238 4058 homiues
1259 4015 1328 4059 ruse

294 4105 531 4182 fabricabuntur,
563 4111 615 4170 sed
644 4111 770 4173 officinm
792 4129 945 4172 servorum
968 4115 1093 4190 singuiis
1113 4115 1243 4176 dominis
1264 4133 1329 4176 scr·
