2906 4716
634 264 676 330 13

131 490 274 535 vasorum
290 491 384 551 genua
396 471 507 534 Graecis
522 469 693 532 bominibus
712 469 900 532 tribuendum
922 471 1048 552 videtur,
1071 489 1177 551 quarn·

133 607 227 670 quam
249 609 306 652 neo
328 607 486 670 negamus,
521 588 612 651 italos
639 587 780 650 barbaros
806 587 909 650 Graeca
932 607 1023 668 opera
1045 590 1176 652 imitatos

133 727 221 786 esse,
243 739 286 756 -
306 713 418 770 extant-
437 709 517 768 enim
545 725 614 768 vasa
638 707 772 786 quodam
796 725 853 768 non
877 725 948 768 sane
970 707 1073 784 muita,
1095 705 1176 770 Osce

133 828 280 905 inscripta
307 827 354 906 (v.
385 821 510 888 cabinet
538 797 693 886 Pourtaits
721 823 781 886 tab·
808 821 846 903 93
880 826 910 886 in
933 823 1038 888 Museo
1060 825 1177 887 Beroli-

134 946 224 1007 nansi
246 964 296 1008 un.
321 937 519 1020 lule-18),
542 945 633 1004 etiam
655 943 752 1004 Tusce
774 946 805 1004 et
825 942 932 1004 Latine
960 949 1001 1014 (v.
1022 941 1176 1006 Gerbardt

134 1063 253 1126 bertius
264 1063 374 1124 Antike
385 1061 551 1124 Biidwerke
562 1060 586 1142 1,
609 1081 638 1140 p.
652 1057 724 1140 162,
746 1059 783 1123 ei.
799 1080 827 1140 p.
838 1055 914 1132 341)
935 1093 976 1106 -
1001 1079 1056 1122 nec
1078 1061 1175 1122 uesci·

23 1230 27 1238 .
134 1199 223 1262 mus,
254 1183 366 1260 primos
393 1182 466 1242 artis
493 1183 617 1241 conatus
646 1181 687 1240 ita
710 1197 789 1259 sepe
817 1179 930 1240 similes
958 1182 988 1240 et
1010 1197 1102 1258 prope
1125 1197 1174 1256 ge·

134 1419 222 1480 stitui
238 1419 344 1498 possit,
368 1417 397 1478 id
421 1419 499 1496 quod
523 1419 552 1478 in
575 1417 632 1478 boc
654 1434 763 1494 genere
785 1417 950 1495 apparebit,
972 1416 1001 1476 si
1020 1417 1174 1494 quiscum

134 1537 352 1615 antiquissimis
364 1535 476 1598 Graecis
498 1523 625 1598 vasculis
647 1536 861 1612 comparaverit
882 1552 928 1612 ea,
950 1534 1058 1612 quibus
1080 1535 1175 1595 nostri
1269 1576 1274 1587 .

135 1655 265 1716 maiores
287 1656 334 1714 usi
356 1659 437 1731 sunt,
472 1658 524 1716 ant
545 1653 654 1731 quibus
676 1651 810 1730 AEgpptii
833 1653 947 1732 antiqui
970 1653 1055 1724 (vid.
1068 1651 1175 1713 Rosci-

135 1771 190 1833 tini
211 1771 345 1835 bionum.
371 1770 455 1833 cun.
478 1771 516 1851 u,
538 1789 567 1850 p.
588 1765 787 1842 auu-'tadu

223 1889 413 1970 scripserunt
446 1890 483 1950 de
517 1889 675 1968 generibus
706 1905 846 1948 nasorum
880 1886 982 1966 multi3
1028 1888 1173 1966 imprimis

139 2005 307 2070 Gerbnrdue
329 2009 359 2068 in
382 2005 477 2087 Rapp.
500 2007 582 2070 Votc.
604 2025 633 2086 p.
659 2001 699 2066 12
721 2023 801 2086 sqq,
836 2007 887 2084 qui
917 2006 1009 2066 muita
1031 2006 1106 2066 beno
1128 2007 1174 2066 di-

132 2127 242 2200 stinxit
261 2131 292 2187 et
313 2127 535 2204 animadvertit,
559 2143 739 2204 quamquam
761 2125 851 2185 etiam
874 2143 909 2185 ea
931 2125 1083 2203 distinxit,
1106 2143 1174 2202 quae
1265 2199 1273 2224 l

135 2243 278 2321 distingui
302 2261 359 2304 non
382 2243 544 2306 debebant:
569 2244 649 2304 vetut
659 2242 844 2322 Tyrrhenam
867 2244 1013 2321 quandam
1032 2245 1173 2322 pingendi

135 2363 281 2423 rationem
303 2367 526 2441 commemorat,
547 2363 627 2422 iuter
648 2360 781 2422 Graeoam
803 2365 834 2421 et
856 2359 1011 2422 Etruscam
1034 2361 1172 2442 medinm,

135 2497 262 2558 eamque
293 2483 378 2557 putat
409 2479 633 2540 adscribendam
665 2496 732 2540 esse
758 2476 868 2539 Grecis
901 2478 1064 2539 artificibus
1096 2481 1174 2540 intrr

136 2597 281 2660 Etruscos
296 2597 481 2676 viventibus3
510 2599 562 2658 sed
579 2615 634 2658 nee
651 2598 717 2658 eius
735 2614 789 2658 uec
806 2596 951 2656 Abetrenii
968 2597 1003 2670 (Ι.
1021 2569 1043 2657 Ι..
1062 2615 1091 2675 p.
1108 2589 1174 2658 296

135 2718 221 2794 sqq.)
233 2705 439 2794 ¹disputatione
457 2716 587 2793 perlecta
604 2715 696 2778 ultum
708 2714 789 2776 atiud
802 2715 961 2776 discrimen
974 2716 1106 2776 invenire
1120 2733 1174 2794 po-

135 2835 191 2911 tui,
216 2833 342 2894 uisiatia
354 2833 561 2915 diligentioris,
584 2834 642 2896 otia
654 2833 876 2911 negligentioris
888 2851 954 2894 esse
966 2836 1074 2912 operis.
1095 2833 1172 2895 Turn

135 2957 168 3012 et
188 2949 360 3014 Gerbardus
389 2956 420 3012 et
446 2951 497 3012 atii
525 2953 719 3012 imitationem
748 2952 896 3030 quandam
926 2953 984 3012 sibi
1007 2952 1174 3032 depreben-

134 3067 206 3130 dere
227 3067 366 3130 videntur
387 3073 418 3129 et
438 3069 606 3130 affectatum
628 3069 758 3130 studium
781 3070 858 3131 male
879 3069 1029 3147 pingendi.
1063 3069 1173 3130 Mirum

134 3205 207 3248 sane
228 3181 377 3248 studium!
410 3187 450 3247 At
471 3205 589 3248 oausam
611 3188 756 3266 atterunt,
785 3187 900 3247 scilicet
922 3204 982 3263 quo
1003 3187 1171 3263 antiquiora

133 3304 307 3365 viderentur
328 3321 407 3366 vasa.
440 3305 540 3384 Atque
562 3307 591 3366 in
614 3305 757 3366 Romanis
779 3306 899 3385 quidem
922 3303 981 3366 tate
1003 3301 1097 3364 tuisse
1118 3321 1173 3366 au-

135 3423 283 3500 tiquitatis
311 3423 461 3500 studium,
495 3421 649 3484 Strabonis
680 3423 763 3484 locus
790 3424 877 3485 docet
905 3441 995 3503 supra
1017 3423 1171 3504 iaudatns3

132 3541 186 3600 sed
200 3541 287 3601 docet
309 3539 387 3600 idem
410 3539 504 3617 locus,
526 3539 590 3602 buc
611 3543 690 3620 picta
712 3560 781 3603 vasa
804 3542 890 3620 louge
912 3543 970 3602 ittis
988 3540 1172 3620 temporibus

132 3659 235 3737 priora
266 3675 350 3734 esse,
384 3659 494 3746 quippe
527 3677 593 3736 qum
626 3677 749 3738 prorsus
777 3677 851 3720 nova
881 3664 910 3719 et
934 3660 1082 3736 incognita
1109 3661 1172 3722 visa
1298 3661 1301 3670 “

131 3775 194 3835 sint
216 3775 444 3837 invenientibus.
487 3775 521 3836 tn
544 3775 600 3838 bac
622 3781 722 3862 autem
743 3779 921 3856 antiquitate
944 3779 1069 3840 imitatio
1092 3778 1170 3861 tatis,

132 3893 252 3970 quatem
285 3893 315 3952 in
349 3892 549 3972 sculptoribus
582 3892 693 3954 Graecis
732 3899 763 3956 et
796 3894 939 3958 Romanis
973 3897 1171 3974 posteriorum

131 4014 302 4089 temporum
324 4027 383 4070 uon
406 4011 501 4088 magis
523 4009 616 4071 tuisse
639 4029 798 4093 negamus,
833 4013 922 4092 quarn
951 4015 980 4073 in
1008 4014 1171 4092 pictoribus

131 4127 311 4206 quibusdam
333 4127 424 4188 buius
446 4125 546 4188 seculi
569 4159 610 4170 -
632 4127 711 4206 tatis,
734 4131 865 4208 inquam,
890 4132 1015 4191 imitatio
1037 4147 1095 4191 non
1118 4149 1170 4191 an·
1253 4149 1257 4154 ·
