2902 4704
606 285 668 352 149

113 506 237 568 quoque
258 505 377 570 semper
397 507 415 562 a
435 488 501 552 Diis
522 491 701 570 prineipium
731 495 777 552 est
809 489 934 574 fretum,
967 497 999 554 et
1029 495 1157 574 primum

112 608 249 670 omniurn
269 606 417 670 dabantur
443 612 556 688 patere
588 608 714 687 singuiis
748 610 895 688 censivis,
930 611 1015 701 unde¹
1030 611 1158 674 liberent

114 729 160 797 (v.
183 724 263 789 Xen.
285 724 389 806 Symp.
411 720 444 801 2,
465 720 524 806 233
547 725 634 788 Pind.
657 725 742 788 Nem.
766 723 799 807 9,
820 721 892 806 ol),
924 727 1093 811 libatoque,
1122 735 1157 792 ut

112 844 233 922 opinor,
266 843 382 922 reliqua
414 843 567 905 ebiberent
588 844 675 924 (Ath.
697 842 750 924 lv,
773 836 845 925 128,
873 857 905 906 e:
940 843 1011 910 ἐπεὶ
1032 842 1065 912 δ’
1086 844 1155 926 tie·

112 982 194 1026 πιον
215 957 432 1044 ιδςφιόλας).
466 960 749 1024 commemorandus
771 964 861 1024 etiem
883 965 1059 1042 propinandi
1079 981 1154 1041 mos,

111 1098 142 1142 r.
167 1077 252 1142 Pind.
274 1074 357 1144 ΟΙ.7
378 1080 443 1144 init.
465 1083 497 1140 et
518 1077 596 1142 Plat.
617 1078 720 1159 Symp.
740 1073 815 1157 223,
837 1078 871 1158 C,
896 1079 947 1141 ubi
969 1079 1109 1142 Socrates
1124 1087 1155 1143 et

112 1196 330 1276 Aristophanes
358 1201 389 1258 et
409 1196 526 1274 Agatho
563 1193 599 1260 διο
637 1196 757 1281 φιάλης
788 1197 893 1258 bibunt
927 1196 1069 1282 μεγάλης
1102 1196 1155 1264 teri

112 1313 216 1394 δεξιά,
259 1314 391 1394 Singulis
412 1319 513 1376 eutem
535 1315 663 1376 maiores
674 1317 753 1378 iusto
765 1320 850 1377 erent
861 1320 980 1395 paterae,
1003 1317 1153 1394 quonism,

112 1437 150 1498 ut
171 1439 218 1496 est
238 1451 286 1513 ap.
309 1433 381 1496 Ath.
403 1432 459 1512 xi,
481 1426 561 1514 784,
584 1432 618 1514 δ,
641 1437 677 1498 et
707 1430 743 1496 δν
756 1434 876 1520 φιάλης
902 1437 1050 1510 niventes
1076 1432 1154 1499 όσον

112 1551 258 1626 θέλουσι,
283 1545 400 1633 τάχιστ’
424 1545 723 1634 ἀπαλλαγήσονται.
778 1549 882 1631 Quum
903 1569 974 1614 vero
1006 1553 1154 1630 intempe-

111 1674 215 1730 rantes
237 1669 386 1730 interdurn
408 1669 545 1732 hemines
568 1687 689 1748 magnes
705 1675 821 1750 pateras
836 1671 994 1750 siccarent,
1018 1665 1152 1752 ἁθρόας

110 1786 248 1848 bibentes
270 1791 301 1848 et
322 1782 476 1852 δπνιοσιλ
497 1788 560 1848 sive
582 1783 709 1869 δμοσολ,
741 1787 890 1850 Theseum
923 1790 987 1851 erat
1015 1786 1083 1848 tetis
1105 1786 1151 1847 bi-

109 1905 200 1968 bendi
223 1906 315 1982 ratio,
347 1903 485 1988 ἄμυστις,
518 1899 904 1983 v.Celiimaeb.tr.109;
947 1903 1021 1964 Hor.
1043 1897 1103 1966 Οδ.
1125 1902 1151 1983 Ι,
1205 1919 1206 1922 ’

108 2016 165 2101 36,
188 2017 245 2103 14;
267 2023 347 2084 unde
368 2025 459 2086 etiam
480 2041 603 2104 magnes
631 2024 774 2102 quasdem
797 2026 914 2102 poteras
936 2017 1084 2103 deuorare
1104 2021 1152 2082 di·

108 2138 229 2218 eebant‚
250 2157 280 2204 v.
301 2139 376 2202 Peli.
401 2139 450 2220 Vl,
472 2136 517 2202 97
522 2158 531 2221 ;
554 2139 679 2222 Suidas3
699 2140 798 2220 Etym.
820 2138 862 2204 Μ.
882 2131 937 2220 87,
957 2133 1018 2220 243
1043 2137 1149 2202 isidor.

108 2255 167 2320 Or.
189 2257 262 2340 XX,
284 2255 316 2320 5.
371 2257 548 2338 Exemplum
581 2260 689 2320 citatur
721 2258 881 2337 Ameipsiae
913 2273 961 2337 ep.
994 2256 1065 2318 Ath.
1094 2253 1151 2335 ΧΙ,

112 2368 191 2450 783,
211 2391 244 2440 e:
267 2371 324 2459 τὴν
345 2374 479 2459 ἄμνσπν
507 2374 664 2458 λάμβανε·
687 2374 724 2438 ei.
745 2377 855 2438 Anser.
879 2375 939 2436 ibid
961 2369 1036 2450 475,
1057 2392 1084 2437 e.
1109 2405 1149 2420 -

114 2493 191 2555 Pieti
212 2494 241 2554 in
263 2495 342 2556 vasis
363 2495 588 2573 conspiciuntur
610 2511 646 2556 ex
668 2494 779 2572 peteris
801 2491 948 2570 bibentes,
971 2496 1005 2554 ut
1026 2490 1149 2554 Becker.

109 2609 200 2674 Char.
222 2611 282 2674 tab.
295 2607 329 2692 3,
343 2607 359 2672 l
372 2615 403 2674 et
414 2605 446 2687 2,
469 2629 523 2674 nee
544 2611 605 2674 ulia
624 2611 653 2672 in
680 2612 811 2690 antiquis
831 2610 1032 2672 monumentis
1054 2610 1151 2687 imago

109 2727 297 2808 {sequentior
319 2735 366 2791 est
386 2747 476 2808 quam
498 2729 665 2794 libentium.
708 2727 821 2790 Eadem
843 2728 880 2790 de
901 2745 992 2790 eausa
1014 2727 1151 2790 eredide-

110 2849 169 2908 rim
201 2847 331 2910 Deorum
363 2851 477 2908 statuas
509 2851 627 2925 pateres
649 2825 783 2925 tenere,
827 2846 912 2926 quasi
952 2842 1152 2921 nonenoeane

111 2965 376 3046 minotaretur,-
396 2969 428 3027 ut
461 2965 671 3044 Aristophanis
704 2969 771 3028 utar
803 2963 894 3026 verbe
934 2981 970 3026 er
996 2961 1099 3043 Equit.
1123 2980 1150 3024 v.

111 3079 206 3144 luel.

197 3201 245 3277 Ei,
267 3203 318 3280 qui
340 3221 377 3264 ex
399 3207 501 3281 patere
513 3201 667 3276 libaverat,
687 3205 740 3262 aut
751 3201 798 3262 eui
811 3199 966 3280 propinata
978 3202 1052 3279 erat,
1071 3215 1151 3276 sepe
1214 3173 1220 3180 ’

110 3321 190 3380 dorio
217 3319 358 3399 debatur,
381 3300 409 3382 ν.
433 3318 517 3382 Pind.
541 3317 590 3382 01.
613 3313 645 3400 7,
669 3319 753 3400 init.;
775 3317 827 3378 Ar.
851 3315 919 3378 Pae.
941 3311 1022 3379 424:
1047 3314 1151 3398 δόρον

110 3433 226 3522 δίδωμι
247 3433 345 3522 τήνδ’,
367 3442 424 3503 ἵνα
445 3435 596 3503 σπένδειν
616 3433 696 3528 ἔχῃς·
718 3429 865 3514 Αι.975;
888 3433 1091 3514 Hippolochus
1102 3452 1150 3514 ap.
1261 3465 1269 3474 ·

110 3556 182 3620 Aen.
203 3555 261 3635 iv,
291 3549 372 3634 128,
405 3573 431 3618 e.
485 3557 617 3635 Antiquo
651 3559 783 3632 tempora
814 3556 925 3631 patere
956 3553 1151 3614 certaminum

111 3675 235 3753 praemia
267 3673 527 3754 proponebantur,
560 3678 594 3734 ut
626 3691 674 3752 ap.
706 3671 795 3733 ilem.
819 3669 854 3732 ΙΙ.
887 3679 927 3751 ψ,
949 3664 1148 3750 2703-12nu.

109 3791 216 3853 lstbm·
241 3787 270 3872 l,
296 3785 354 3856 18:
391 3787 427 3854 δν
460 3785 659 3856 όολλθλοισι
680 3791 780 3869 θίγον
813 3786 970 3856 πλείστων
1006 3783 1148 3868 α’γόνων,

111 3913 167 3972 καὶ
188 3907 392 3992 τριπόδεσσιν
414 3905 594 3994 ἐκόσμησαν
616 3905 718 3990 δόμον
739 3909 794 3970 καλ
815 3904 977 3991 λοβήιοσσι
998 3901 1150 3988 φιόλαισλ

110 4051 144 4090 rs
165 4029 291 4110 χρυσοῦ,
324 4026 490 4111 γενόμενοι
511 4023 678 4110 στοφόνιον
702 4021 898 4107 νικαφόρων.
952 4022 984 4084 1ο
1018 4023 1149 4084 Deorum

110 4150 212 4207 nutem
235 4147 353 4224 templis
376 4143 607 4207 innumerabiles
628 4159 750 4222 prorsus
773 4141 914 4204 dedicate
935 4143 1020 4203 eraut
1041 4143 1150 4219 patere
