2906 4716
766 257 809 320 ‘24

677 343 898 354 -Α--ι--η--αιι

360 461 447 524 Patet
470 463 577 542 igitur⁷
613 463 641 521 in
670 461 726 522 bac
755 463 919 540 quaestione
946 482 963 523 a
996 463 1164 524 nominibus
1192 463 1313 543 prolici-

275 581 418 644 soendum
440 597 522 658 esse,
552 597 610 640 non
633 599 650 640 a
672 578 773 641 rebus.
818 580 894 641 Sunt
915 582 994 642 enim
1018 581 1083 661 baec
1104 582 1164 642 duo
1187 583 1315 644 coniun-

275 699 381 780 genda,
404 715 441 759 ex
462 699 556 760 altera
577 703 662 778 parte
685 700 804 760 nomina
827 703 857 759 et
880 717 984 760 eorum
1007 701 1061 782 vie,
1085 699 1316 778 ascriptoribus

151 876 154 882 .
275 819 406 896 antiquis
434 819 576 898 petenda,
609 836 646 878 ex
674 818 767 879 altera
797 799 865 878 vasa
893 823 924 878 et
952 835 1056 882 eorum
1086 836 1159 880 usus
1180 835 1217 880 ax
1240 819 1316 897 ipsis

277 939 355 998 vasis
378 937 599 1015 intelligendus.
643 935 778 1014 Namque
799 935 863 998 lraec
884 955 974 1016 quam
996 937 1032 998 ad
1055 955 1118 998 rem
1141 942 1209 1017 apta
1230 937 1317 996 vide-

260 1059 383 1134 antur,
417 1055 452 1115 ad
476 1073 542 1116 eam
564 1053 639 1116 lacta
661 1072 728 1116 esse
750 1055 963 1119 concludimus.
1010 1055 1068 1136 Sed
1090 1057 1231 1134 quoniam
1252 1071 1314 1114 non

276 1191 394 1252 semper
413 1174 493 1236 idem
515 1175 630 1252 antiqui
653 1145 684 1234 in
706 1174 762 1234 hac
783 1191 816 1234 re
838 1176 935 1252 secuti
957 1178 1028 1235 sunt
1049 1177 1141 1252 atque
1162 1191 1233 1253 nos,
1255 1171 1317 1233 alia

278 1311 400 1355 necesse
413 1298 459 1354 est
475 1293 626 1370 accedant,
648 1298 682 1354 ut
698 1296 812 1353 certum
835 1292 875 1352 sit
896 1293 1039 1354 iudicium
1062 1295 1206 1354 nostrum.
1236 1291 1318 1370 Sup-

236 1434 240 1442 ·
278 1411 412 1490 peditent
444 1415 543 1472 autem
574 1417 766 1473 monumenta
798 1413 863 1492 ipsa
896 1413 1050 1490 imagines.
1117 1409 1193 1471 Nam
1225 1427 1318 1488 opera

277 1529 393 1609 sculpta
415 1533 445 1590 et
466 1531 556 1611 picta,
580 1530 724 1610 imppimis
746 1533 811 1610 ipsa
834 1548 903 1592 vasa
925 1529 1065 1591 exhibent
1087 1529 1319 1608 saepehominas

219 1628 221 1632 ¹
279 1647 326 1708 his
349 1625 582 1727 vesanientes,
604 1649 686 1708 velut
704 1667 745 1742 ex
767 1654 882 1710 cratera
906 1649 1091 1722 nannenten,
1113 1666 1150 1708 ex
1172 1647 1319 1710 cantharo

279 1765 426 1846 bibentes,
449 1783 485 1826 ex
507 1771 610 1846 patera
632 1767 768 1850 libantes⁷
792 1772 823 1828 ot
845 1786 911 1846 quae
933 1773 1003 1828 sunt
1024 1767 1142 1828 similia.

365 1882 623 1962 Quemadmodum
644 1887 670 1945 si
693 1887 778 1947 cuius
800 1887 927 1946 nominis
949 1888 995 1946 vis
1022 1887 1194 1964 ignoratur,
1227 1885 1321 1946 etiam
1422 1939 1424 1944 ,

279 2003 373 2064 lorma
394 2004 473 2063 vasis
495 2020 532 2062 eo
554 1999 673 2064 nomine
694 2005 833 2082 appellati
856 2007 1026 2083 ignoratur,
1060 2005 1101 2064 ita
1130 2005 1216 2065 cuius
1237 2004 1320 2064 vasis

280 2141 369 2183 nsum
390 2121 550 2200 nescimus,
585 2123 652 2182 eius
673 2141 710 2182 ne
733 2141 842 2183 nomen
865 2124 986 2202 quidem
1007 2123 1190 2184 constituere
1211 2137 1322 2200 possu-

279 2258 354 2302 mus.
410 2239 442 2300 Si
479 2257 550 2300 vero
587 2241 739 2302 nominum
774 2243 834 2302 vim
868 2262 904 2303 ex
932 2240 1143 2323 scriptoribus,
1176 2255 1320 2302 vasorum

279 2377 368 2421 usum
400 2376 436 2419 ex
467 2361 684 2420 monumentis·
701 2364 819 2438 cognita
845 2359 1006 2438 habemns,
1046 2359 1111 2420 baec
1138 2360 1321 2436 coniungere

281 2479 360 2540 linet.
395 2477 438 2538 lta
455 2479 480 2538 si
495 2477 605 2557 ubique
621 2479 737 2556 singula
756 2481 874 2538 nomina
897 2484 927 2550 et
949 2478 1074 2563 singulae
1095 2476 1197 2570 tonnae
1218 2481 1322 2537 essent

279 2615 418 2657 vasorum
439 2597 607 2676 generibuS,
640 2596 771 2658 conlecta
794 2601 953 2658 recesset.
998 2595 1055 2656 Sed
1077 2595 1262 2675 plerumque,
1284 2599 1323 2655 ut

281 2716 310 2774 in
333 2715 466 2795 poculis,
488 2713 572 2792 plura
595 2719 696 2776 extant
718 2716 835 2775 nomina
858 2714 964 2774 similis
986 2713 1228 2793 significationis,
1250 2711 1320 2790 plu-

282 2849 329 2892 res
353 2849 491 2914 nasutum
512 2835 627 2912 species
649 2834 754 2894 similis
776 2850 859 2912 usus,
883 2829 925 2912 ut,
948 2833 974 2891 si
997 2825 1034 2892 de
1048 2831 1225 2926 singulissit
1238 2829 1322 2891 iudi·

280 2951 417 3030 candum,
439 2951 496 3012 alia
518 2953 660 3012 accedant
683 2969 802 3012 necesse
824 2954 874 3034 sit,
897 2955 949 3010 aut
969 2951 1195 3028 ascriptoribus
1209 2950 1321 3010 diserta

281 3067 384 3128 torma
411 3069 589 3148 descriptio,
623 3074 675 3131 ant
703 3071 732 3130 in
763 3070 841 3130 vasis
868 3070 1045 3146 inscriptum
1071 3087 1177 3130 nomen
1209 3071 1319 3146 ipsum.

285 3187 350 3249 lloc
371 3185 475 3248 tallere
497 3207 555 3248 non
578 3191 686 3268 potest,
710 3188 761 3248 sed
784 3187 843 3248 duo
866 3187 964 3247 solum
986 3191 1047 3248 tam
1069 3203 1143 3247 rarae
1166 3186 1320 3248 felicitatis

282 3307 414 3386 exempla
437 3311 522 3389 sunt3
566 3323 634 3366 nam
660 3308 690 3367 in
719 3305 847 3384 ampulla
870 3305 998 3382 quadam
1021 3304 1128 3382 legitur
1150 3307 1323 3370 Διονυσίου

283 3419 305 3486 oi
328 3421 482 3498 λάκοθος,
517 3425 545 3482 in
568 3425 659 3484 calice
680 3424 929 3508 Κηφισοφῶντος
949 3418 969 3505 ἦ
990 3422 1088 3500 κύλιξ.
1130 3422 1202 3483 lllae
1224 3423 1322 3501 scrip-

283 3548 380 3607 torum
391 3543 605 3620 descriptiones
627 3546 657 3602 et
678 3543 763 3624 ipsae
785 3559 869 3603 rarae
892 3545 972 3620 sunt,
996 3546 1027 3602 et
1048 3542 1074 3600 si
1097 3542 1215 3619 quando
1237 3542 1321 3602 inve·

282 3661 420 3740 ciuntur,
453 3661 645 3722 inveniuntur
674 3661 850 3738 plerumque
872 3661 949 3738 apud
967 3661 1183 3737 grammaticos
1205 3660 1322 3736 exignae

281 3771 377 3851 fidei,‘
397 3795 519 3856 semper
546 3777 608 3838 lere
635 3777 789 3856 ambiguae
814 3783 846 3838 et
869 3797 973 3856 parum
994 3781 1161 3840 accuratae.
1217 3776 1323 3855 Quare

280 3895 429 3975 permulta
464 3899 494 3956 in
527 3897 582 3958 bac
616 3915 648 3956 re
681 3897 793 3957 incerta
827 3901 907 3959 sunt.
963 3895 1112 3974 lmprimis
1140 3899 1242 3956 autem
1262 3895 1323 3955 hoo

281 4014 444 4092 agendum,
480 4020 514 4074 nt
541 4019 680 4075 accurate
695 4016 855 4093 perpensis
878 4015 1072 4092 testimoniis,
1106 4015 1229 4074 remotis
1251 4029 1323 4091 queo

281 4131 352 4192 nihil
376 4129 518 4210 probem,
552 4131 683 4192 collectis
713 4138 743 4193 et
770 4134 941 4209 compositis
975 4150 1040 4210 quae
1068 4133 1105 4192 ad
1133 4149 1196 4192 rem
1225 4133 1321 4208 perti-
