2906 4716
597 237 636 302 17

506 325 729 339 ῦ--ι-η--ιι

101 444 241 508 initalia
273 451 334 507 tarn
364 445 491 524 egregiae
520 443 751 524 pulchritnmnie
780 445 898 506 inventa
926 462 1007 522 esse,
1049 464 1137 524 quam

99 570 164 626 sunl
191 563 295 644 aliqua
324 562 536 641 Atheniensis,
571 561 658 624 lacilc
686 561 879 642 intelligitur,
914 579 972 624 non
1005 565 1137 626 omniurn

100 683 226 761 optima,
263 683 318 742 sed
347 681 480 760 vulgaria
514 681 633 744 vascula
667 682 697 742 in
734 685 794 741 tam
829 679 1008 760 longinquas
1041 685 1137 746 terras

100 803 254 878 exportata
278 814 363 876 ossc3
402 801 564 880 sciisset,
597 815 691 876 genus
713 817 780 860 esse
803 799 913 860 idem..
947 797 1137 878 sequelae

100 917 208 997 argillae
237 917 336 980 solnm
361 921 394 978 et
420 917 549 996 fingendi
577 917 779 996 pingendique
810 918 934 986 rationis
963 921 1010 978 est
1031 916 1137 978 simili·
1163 933 1166 939 ·

99 1039 181 1115 tudo,
203 1035 255 1096 sed
279 1041 310 1097 et
331 1036 420 1098 verba
443 1041 474 1097 et
495 1037 614 1098 nomina
635 1037 777 1115 inscripta
799 1053 922 1116 prorsus
943 1035 1051 1098 Atticm
1073 1036 1138 1096 din·

98 1155 167 1215 lecti
189 1157 262 1216 sunt
284 1157 328 1227 (v.
350 1153 450 1218 Kram.
473 1172 503 1232 p.
528 1150 590 1215 167
612 1161 705 1235 sqq.J,
729 1159 760 1215 et
781 1155 859 1233 picta
881 1161 1055 1234 argumenta
1077 1157 1137 1216 tarn

100 1272 183 1351 plane
204 1272 323 1349 Attica,
361 1277 395 1334 nl
422 1273 470 1334 vix
497 1273 573 1334 alius
596 1291 685 1356 quarn
707 1273 899 1334 Atheniensis
922 1273 993 1335 talia
1015 1291 1137 1353 expres·

98 1392 178 1453 serit.
234 1389 282 1452 De
312 1389 537 1452 Panathenaicis
573 1391 725 1470 amphoris
753 1393 812 1454 iam
841 1393 969 1456 diximus
996 1393 1044 1471 (p.
1068 1387 1136 1468 ll).

100 1507 227 1570 Omnino
251 1511 318 1569 sive
340 1507 453 1570 tabulas
475 1511 662 1592 respicimus,
687 1511 864 1582 non,solum
886 1515 970 1572 ortus
993 1511 1135 1573 Minervas

99 1628 193 1704 pietus
216 1628 387 1706 invenitur,
410 1627 462 1688 sed
486 1629 575 1692 etiam
600 1647 699 1708 pugna
723 1629 792 1690 lleae
814 1647 881 1691 cum
903 1629 1062 1710 Neptuno,
1079 1647 1137 1690 non

100 1743 188 1806 Ceres
211 1745 321 1825 solum,
345 1743 398 1806 sed
420 1750 450 1806 et
466 1745 675 1828 Triptolemus,
700 1765 758 1808 non
780 1747 915 1808 Theseus
938 1751 1062 1824 tantum,
1085 1747 1137 1808 sed

100 1867 128 1924 et
149 1862 203 1924 lilii
226 1865 292 1924 eius
314 1861 441 1926 Acamas
462 1869 494 1925 et
515 1864 681 1944 Demopho‚
715 1869 779 1925 lum
802 1862 962 1946 Cephalus,
985 1862 1137 1942 Orithyia,
1179 1872 1194 1895 ·

100 1981 325 2058 Erichthonius,
358 1983 407 2044 alii
431 1987 474 2056 (v.
496 1982 595 2044 liram.
620 2000 648 2060 p.
671 1977 735 2044 187
756 1987 858 2065 sqq.);
903 1984 967 2045 sive
985 1982 1138 2061 vulgarem
1246 1975 1249 1983 '

99 2101 166 2160 ritae
189 2100 434 2162 consuetudinem
456 2105 643 2179 spectamus,
678 2101 752 2162 nihil
781 2103 876 2180 magis
897 2101 1032 2164 Atticum
1054 2103 1137 2162 inve-

102 2219 155 2279 niri
176 2221 279 2298 potest
300 2219 343 2297 (v.
367 2217 469 2280 liram.
492 2237 521 2296 p.
547 2213 632 2291 189).
685 2218 766 2293 Quid
791 2221 876 2298 'quod
905 2219 970 2282 loca
998 2221 1062 2298 ipsa
1084 2220 1138 2280 ht-

101 2339 160 2400 tice
187 2341 277 2411 sunt,
310 2340 345 2397 ut
366 2338 462 2416 tripos
490 2336 644 2397 dedicatus
673 2337 709 2397 ah
730 2338 924 2418 Acamantide
946 2337 1025 2398 trihu
1048 2335 1138 2428 (Mus.

100 2454 290 2516 Blaene-tab.
320 2451 368 2534 1),
402 2454 543 2515 mulieres
571 2454 771 2516 Athenienses
799 2473 836 2516 ex
865 2453 1029 2516 Callirrhoe
1057 2451 1138 2514 tonte

100 2589 209 2649 aquam
232 2547 365 2651 petentes
388 2573 434 2651 iv.
456 2573 639 2636 Brhndsted:
683 2571 709 2634 Α
734 2571 810 2634 hriel
836 2573 1018 2651 description
1036 2569 1079 2632 oi
1096 2565 1139 2629 32

101 2694 221 2754 ancient
232 2689 328 2752 Greek
351 2691 470 2770 painted
490 2707 587 2772 voees,
609 2691 701 2752 lound
713 2691 751 2772 hy
764 2691 819 2756 hlr.
833 2691 1017 2771 Campanari.
1042 2689 1137 2752 Lond.

101 2805 192 2874 1832.
215 2809 268 2872 Νι.
290 2804 355 2881 ⁶27).

119 2969 124 2978 -
161 2928 269 2989 Dillert
280 2927 336 2989 hoc
348 2945 441 3005 genus
454 2947 470 2990 a
482 2930 583 3008 priore
595 2896 932 3010 (vid.Gerh.llap.p.l·8
943 2947 1027 3011 sqq.;
1044 2929 1137 2990 hhelr.

100 3039 200 3123 phos
213 3049 245 3107 et
254 3041 335 3124 337)
348 3049 475 3125 primum
487 3048 587 3108 coloro
600 3049 764 3110 rubicundo
772 3047 902 3112 Colindis
915 3049 1037 3127 argilis,
1050 3065 1139 3125 qnam

99 3164 289 3244 driusandan
304 3158 368 3230 sirco*
386 3167 438 3250 τῆς
454 3165 787 3248 praeominatum
810 3169 840 3227 et
853 3166 973 3244 quidem
985 3169 1138 3226 crescente

99 3287 164 3343 arte
176 3299 295 3362 semper
306 3285 401 3344 maior
411 3285 456 3345 vis
467 3283 562 3362 rubri,
585 3277 678 3346 maior
689 3285 829 3364 splendor
842 3284 917 3362 nigri
929 3283 1047 3344 coloris.
1075 3283 1138 3344 An·
1188 3275 1194 3288 '

99 3404 189 3476 gelur
210 3399 298 3462 simul
320 3399 482 3462 formarum
504 3402 666 3483 elegentia3
699 3408 827 3481 augetur
848 3404 975 3463 maxime
998 3401 1138 3480 pingendi

98 3519 217 3595 peritia.
272 3517 341 3594 Quo
363 3517 475 3582 lactum
498 3525 560 3600 est,
596 3527 628 3582 ut
650 3519 713 3582 lere
735 3522 876 3582 continua
898 3520 991 3580 series
1013 3511 1137 3594 opernm

99 3637 134 3696 ad
159 3653 214 3698 nos
235 3639 423 3715 pervenerit,
456 3655 473 3698 a
502 3640 567 3699 rudi
597 3639 666 3700 inde
689 3640 774 3700 initio
796 3639 832 3698 ad
855 3651 1001 3696 summam
1023 3632 1139 3712 perlec-

99 3755 221 3816 lionem.
268 3753 467 3816 Discernenda
489 3760 590 3818 autem
612 3757 670 3818 duo
692 3758 818 3817 maxime
840 3768 966 3833 genera3
997 3771 1063 3814 nam
1085 3736 1155 3813 an·‘

101 3873 213 3952 liquior
235 3873 375 3950 pingendi
399 3875 474 3952 ratio
497 3893 531 3934 ea
554 3880 617 3952 est,
651 3878 684 3934 nt
712 3875 804 3950 nigrae
830 3870 993 3950 figurarum
1023 3871 1139 3949 species

100 3991 128 4050 in
153 3991 245 4052 rubra
268 3992 345 4053 vasis
368 3992 526 4071 superficie
547 3993 759 4071 exprimantur,
783 3990 932 4051 recentior
946 4008 992 4069 ea,
1016 3988 1138 4066 utiigu·

101 4109 140 4168 ris
169 4110 304 4185 exceptis
332 4114 426 4170 totum
455 4125 505 4171 vas
536 4110 619 4188 nigro
647 4108 745 4170 colore
776 4108 938 4181 inficiatur,
972 4107 1029 4168 illu
1056 4105 1137 4166 rubi·

921 4223 938 4271 ’ἱ
